2717 4667
370 421 496 478 .681

544 157 668 293 372.
724 203 1287 280 meme-‚nanu
1304 205 2284 297 surrmussuroauunm.
2300 206 2495 269 an.

505 458 522 476 ·
550 419 751 485 cienti
790 419 1087 499 juventus
1131 439 1243 480 sua
1275 417 1604 483 militaret.
1683 416 1938 482 Piratae
1977 417 2173 479 etiam
2191 458 2209 488 ,
2268 416 2528 479 Mithri-
2607 404 2614 412 ’

244 423 363 477 U.c

244 491 508 582 &Cev-
550 502 903 564 daticarum
953 501 1233 584 partium
1288 520 1493 583 genus
1516 541 1534 573 ,
1598 519 1789 582 quum
1843 512 2353 581 persequeretur
2407 518 2529 562 eos

425 983 434 994 ’
542 1004 684 1061 ret,
746 990 889 1074 ipse
935 991 1217 1052 omnium
1267 1003 1409 1051 erat
1451 988 1746 1071 corrupti

547 583 868 646 Antonius
888 624 906 655 ,
963 596 1187 666 aperte
1226 579 1687 652 defenderant,
1745 578 2015 641 dimiffis
2059 585 2200 641 cum
2244 580 2553 666 superbo'

547 662 858 806 rell'p‘onl'o
910 664 1140 747 legatis
1163 706 1181 738 ,
1249 683 1414 746 quos
1472 683 1549 726 ea
1604 661 1687 723 de
1742 679 1818 724 re
1872 658 2154 745 questum
2199 660 2526 725 Antonius

546 748 635 807 mi
667 759 826 806 erat.
909 749 972 807 Is
1012 744 1336 807 Antonius
1385 741 1558 807 filius
1597 747 1684 804 Μ.
1720 744 1992 806 Antonii
2035 742 2316 805 oratoris
2360 742 2533 814 erat,

548 827 874 890 clariss'imi
898 826 1073 904 ‚viri3
1120 827 1237 889 sed
1276 827 1649 911 neutiquam
1686 824 1856 909 patri
1896 824 2158 885 similis:
2200 843 2391 908 quum
2489 843 2529 885 e

543 909 784 971 fratres
826 908 1017 969 etiam
1053 907 1216 970 duos
1256 906 1743 992 haudquaquam
1826 906 2087 968 rohatae
2118 905 2289 967 vitae
2325 845 2530 968 haffl-

1751 929 1999 1060 (fimus,
2044 1001 2115 1050 ut
2147 986 2531 1072 perdundae

538 1072 859 1168 pecuniae
894 1071 1152 1155 genitus
1193 1071 1549 1134 videretur.
1632 1067 1809 1132 Idem
1846 1088 2085 1131 vacuus,
2122 1069 2332 1141 curis,
2392 1068 2529 1131 nisi

487 1217 490 1224 ,
539 1151 916 1215 instantibus
936 1196 953 1226 ,
1010 1149 1138 1216 tam
1187 1152 1609 1238 contemptim
1658 1151 1922 1213 adortus
1970 1151 2226 1212 Cretam
2268 1149 2491 1212 fuerat
2505 1175 2535 1224 ,·

509 1248 610 1316 sut
645 1236 870 1318 plures
913 1235 982 1295 in
1021 1235 1292 1298 navibus
1329 1247 1625 1309 catenas,
1696 1240 1894 1318 quam'
1931 1252 2138 1306 arma,
2202 1243 2525 1316 portaret.

536 1314 746 1398 Quam
787 1314 1158 1379 vecordiam
1184 1318 1532 1379 celerrima
1558 1334 1766 1399 poena
1795 1314 2182 1397 consequuta
2210 1310 2318 1375 est.
2376 1315 2527 1397 ple-

534 1418 777 1483 raeque
818 1399 993 1461 enim
1033 1419 1232 1462 naves
1266 1420 1303 1460 a
1331 1396 1756 1461 Cretensibus
1792 1409 2013 1480 captae
2056 1408 2238 1469 sunt,
2276 1397 2528 1458 remul-

532 1496 743 1563 coque
780 1479 850 1541 in
889 1493 1115 1563 portus
1150 1494 1428 1554 tractae,
1476 1500 1708 1564 quum,
1751 1480 1929 1542 velut
1965 1476 2326 1540 imitatione
2364 1499 2528 1562 qua-

532 1560 676 1622 dam
706 1560 1060 1659 triumphi,
1104 1563 1354 1648 captiva
1395 1582 1711 1646 corpora,
1761 1560 2032 1624 velis'et
2068 1558 2337 1623 funibus
2377 1581 2524 1622 sus-

529 1663 770 1729 pensa,
816 1664 1068 1707 eminus
1103 1645 1467 1724 visentibus
1504 1643 1876 1727 spectaculo
1906 1642 2126 1705 effent.
2542 1641 2549 1648 '

201 1766 302 1835 Se'd
329 1745 510 1836 victas
653 1774 798 1840 XV.
856 1774 1090 1837 Infelix
1126 1774 1448 1858 proelium
1469 1816 1487 1849 ,
1533 1786 1601 1835 et
1636 1772 1850 1856 pudor
1887 1791 2033 1834 mox
2062 1770 2294 1848 iniussu
2329 1791 2527 1834 sena·

149 1850 492 1928 aegritudine

149 1922 323 1972 animi
341 1921 501 1973 mori-

150 1998 261 2064 eur.

530 1868 639 1918 tus
671 1856 1029 1940 populique
1061 1854 1268 1918 factae
1301 1856 1519 1939 pacis,
1567 1852 1976 1938 aegritudine
2015 1853 2210 1916 animi
2249 1852 2331 1914 ad
2365 1874 2524 1916 cor-

527 1937 715 2019 poris
760 1957 1039 2020 quoque.
1060 1936 1490 1999 subruendam
1531 1935 1966 1998 valetudinem
2004 1934 2289 1996 Antonio
2328 1955 2524 1998 caus-

522 2038 656 2078 sam
705 2017 1041 2100 praebuit=
1094 2018 1599 2102 hominemque,
1655 2018 1853 2080 multa
1903 2029 2129 2080 contra
2181 2017 2518 2089 sociorum

407 2127 412 2128 ⁷
522 2099 793 2160 salutem
813 2142 830 2171 ‚
879 2112 945 2161 et
977 2113 1200 2163 contra
1229 2100 1715 2184 provinciarum
1748 2098 2111 2170 utilitatem,
2157 2111 2224 2159 et
2253 2093 2519 2162 'facien-

182 2560 265 2613 M.
301 2558 494 2612 Lucul-

139 2627 186 2678 11·
229 2629 369 2695 gesta
416 2628 478 2681 in

144 2694 398 2749 Darada.

519 2191 691 2252 tem,
733 2195 800 2243 et
831 2181 1253 2263 cogitantem,
1299 2180 1372 2242 in
1408 2180 1644 2243 mediis
1685 2179 1824 2260 ejus
1860 2177 2115 2259 injuriis
2154 2192 2220 2241 et
2253 2180 2519 2265 cupidi-

517 2261 758 2323 tatibus
798 2282 976 2324 mors
1021 2260 1356 2347 oppressit.
1442 2261 1687 2324 Tamen
1723 2260 1967 2324 Cretici
2011 2274 2520 2344 cognomentum

513 2342 593 2404 ab
621 2342 739 2405 hac
773 2343 1192 2427 expeditione
1229 2343 1479 2417 retulit,
1523 2365 1655 2407 non
1684 2343 2000 2408 victoriae
2032 2357 2509 2426 argumentum,

525 2423 642 2486 sed
679 2421 840 2486 belli
882 2439 1131 2488 temere
1172 2426 1485 2511 suscepti.
2434 2457 2449 2472 ι

639 2555 813 2619 XVI.
860 2554 947 2618 At
998 2578 1034 2616 a
1077 2554 1328 2618 duobus
1368 2555 1661 2619 Lucullis
1710 2552 2035 2617 honestius
2083 2554 2515 2618 laudabilius·

519 2655 645 2718 que
698 2633 867 2718 gesta
927 2637 1326 2720 respublica*
1354 2634 1486 2714 est3
1560 2658 1836 2733 quorum
1890 2641 2146 2698 Marcus
2198 2636 2529 2700 Macedo...

513 2716 684 2776 niam
728 2717 1165 2801 provinciam,
1214 2718 1458 2814 Lucius
1496 2717 2006 2814 Mithridaticum
2051 2718 2293 2780 bellum
2332 2718 2513 2815 obti-

511 2797 770 2861 nebant.
841 2803 929 2860 Μ.
962 2800 1297 2873 Lucullus,
1341 2820 1454 2883 qui
1485 2800 1755 2862 Curioni
1792 2800 2195 2873 success'erat‚
2234 2820 2512 2879 majori-

397 2939 406 2942 -
512 2876 637 2940 hus
676 2899 798 2963 per
826 2880 1166 2945 Thraciam
1204 2881 1442 2954 rebus,
1505 2888 1691 2976 quam
1725 2881 1894 2946 ullus
1933 2895 2080 2944 ante
2113 2902 2259 2946 eum
2292 2882 2509 2979 impe-

512 2973 694 3022 rator
732 2961 1043 3043 gefferat,
1086 2959 1481 3041 justill'imum
1515 2962 1911 3046 triumphum
1957 2963 2215 3028 meruit.
2286 2962 2507 3057 Qulp·

515 3061 641 3125 pe,
689 3042 900 3116 Getis,
947 3044 1059 3128 qui
1098 3058 1164 3106 et
1191 3044 1357 3126 Mysi
1389 3044 1831 3115 vocabantur„
1855 3045 2200 3129 superatis,
2238 3045 2501 3119 Beffos,

512 3123 844 3184 nationem
892 3125 1347 3187 ferociss'imam
1370 3168 1388 3199 ,
1455 3125 1704 3209 primus
1759 3128 2200 3190 Romanorum
2260 3125 2505 3188 ducum
2557 3179 2566 3186 .

508 3203 690 3266 hello
732 3206 955 3288 petiit,
1012 3226 1258 3291 eosque
1296 3207 1367 3269 in
1393 3207 1642 3269 Haemo
1687 3222 1907 3270 monte
1946 3207 2196 3291 ingenti
2234 3207 2502 3292 proelio

508 3283 735 3368 fregit.
838 3287 948 3349 Sic
998 3289 1288 3372 receptis
1340 3289 1410 3349 in
1456 3286 1857 3350 deditionem
1903 3287 2496 3363 Haemimontanis,

509 3367 1043 3450 Eumolpiadem,
1114 3389 1277 3454 quae
1334 3363 1550 3453 postea
1603 3370 2085 3455 Philippopolis
2147 3369 2318 3433 dicta
2368 3368 2494 3449 est3

506 3469 659 3510 mox
700 3449 1160 3525 Uscudamam,
1272 3472 1391 3514 uae
1437 3450 1942 3536 Hadrianopolis
1997 3449 2086 3516 est
2136 3453 2493 3539 appellata,

447 3577 464 3602 ,.
506 3529 773 3606 eodem,
821 3551 950 3617 quo
994 3554 1194 3618 aggre
1248 3556 1326 3597 us
1368 3547 1546 3611 erat,
1591 3533 1700 3597 die
1747 3534 2158 3620 expugnavit.

565 3760 713 3832 Gap.
734 3762 888 3816 xlv.
925 3762 1080 3817 Plut.
1116 3760 1328 3818 Anton.
1360 3782 1415 3820 c.
1436 3780 1484 3817 ι.
1519 3763 1685 3819 Flor.
1701 3764 1754 3831 3,
1771 3782 1828 3833 7.
1862 3761 2481 3839 AppiamapudFuIV.

494 3826 692 3882 Ursin.
729 3829 883 3883 Plut.
924 3831 1065 3886 Sall.
1086 3833 1302 3888 Incert.
1334 3850 1422 3902 ae,
1460 3831 1597 3888 Sall.
1619 3833 1755 3887 Hist.
1776 3835 1832 3900 3,
1859 3838 1941 3893 15.
1979 3835 2128 3890 Plut.
2180 3835 2325 3905 Cap.
2347 3835 2481 3888 XV.

449 3913 452 3918 ·
494 3895 748 3951 Diodor.
770 3896 927 3967 apud
941 3898 1110 3955 Fulv.
1148 3899 1346 3954 Ursin.
1389 3904 1601 3956 Ascon.
1622 3900 1685 3955 in
1702 3900 1900 3958 Divin.
1931 3902 2054 3958 Cic.
2074 3903 2135 3957 in
2153 3906 2329 3958 Verr.
2349 3903 2399 3957 ³.
2419 3905 2491 3954 c.'

535 3983 582 4019 ι.
620 3964 924 4035 Ι.ἰν.Ερὶῑ.
961 3968 1114 4022 Plut.
1188 3965 1332 4041 Gap.
1354 3972 1511 4027 XVI.
1548 3970 1799 4043 Appian.
1827 3965 1961 4026 cic.
1993 3971 2052 4024 in
2068 3976 2246 4028 Verr.
2268 3989 2318 4025 2.
2352 3986 2400 4023 c.
2415 3969 2481 4023 8.

551 4036 752 4098 ros.-6‚
790 4035 846 4088 3.
887 4034 1027 4088 Sall.
1064 4039 1279 4091 lncert.
1314 4057 1404 4112 29.
1448 4040 1704 4114 Appian.
1739 4040 1898 4113 lllyr.
1937 4040 2070 4097 Sex.
2100 4039 2308 4107 Rufus,
2344 4054 2470 4107 ⁴:09·

391 4101 396 4105 ’
492 4098 745 4175 Eutrop.
787 4101 1112 4160 Marcellin.
1146 4121 1233 4174 27,
1256 4105 1313 4163 8.
