2717 4667
595 321 668 364 ις
750 301 1310 367 FREINSHEMII
1333 299 2160 382 SUPPLEMENTORUM
2189 302 2339 365 Lm.
2358 303 2497 366 ΧΠ.

250 509 324 565 U.
358 511 568 569 0..663.
592 504 820 578 venia,
882 501 1090 568 ceteri
1114 485 1464 592 laudibus,
1526 525 1752 569 omnes
1799 507 2107 589 praemiis
2147 509 2547 605 amplissimis

250 580 412 636 AJC·
440 582 533 650 89·
595 587 851 660 donati,
908 588 1181 650 viciss'im
1221 605 1287 652 et
1320 589 1452 673 ipsi
1489 588 1720 651 ducem
1750 607 1938 662 raro,
1997 610 2121 652 nec
2154 591 2285 652 nisi
2322 592 2552 676 paucis

604 669 870 752 omnino
909 672 1243 745 concess'o,
1288 672 1541 738 honore
1582 668 1984 732 adfecerunt.
2075 675 2270 735 Certe
2297 716 2315 745 ,
2363 694 2433 735 se
2472 674 2556 735 ab
2651 683 2666 716 '·

605 750 901 813 exercitu
932 750 1010 811 ad
1040 753 1267 815 Nolam
1300 752 1691 815 obsidionali
1727 769 1968 812 corona
2000 752 2326 828 donatum,
2404 777 2562 817 uum

604 832 831 895 Italico
880 832 1058 894 bello
1103 834 1355 919 legatus
1405 834 1599 906 estet,
1660 846 1724 894 et
1771 834 2034 917 scripsit
2076 836 2220 920 ipse
2261 837 2336 897 in·
2418 858 2559 898 om-

603 912 941 976 mentariis
958 915 1156 989 Sulla,
1201 928 1268 980 et
1296 916 1368 978 in
1396 916 1551 978 villa
1563 914 1947 987 Tusculana,
1994 938 2156 1000 quae
2188 917 2401 1003 postea
2431 920 2567 981 fuit

607 996 949 1058 Ciceronis
970 1038 987 1068 ,
1029 998 1262 1091 pinxit.
1304 1001 1463 1060 Eam
1501 995 1749 1060 solebat
1782 1016 1817 1056 e
1853 1000 2144 1079 gramine
2180 1001 2381 1063 viridi
2417 1022 2571 1062 κεν...

608 1092 794 1140 vatus
827 1091 1154 1141 exercitus
1188 1080 1366 1153 dare,
1410 1079 1524 1140 ubi
1554 1080 1795 1141 virtute
1825 1078 2068 1163 insigni
2101 1082 2287 1143 ducis
2317 1083 2564 1145 libcra-

532 1196 537 1200 -
609 1172 673 1221 ta
709 1159 787 1221 ab
829 1157 1080 1240 instanti
1117 1161 1375 1224 excidio
1412 1158 1607 1223 castra
1629 1159 1861 1221 effent.
1942 1163 2151 1245 Igitur
2181 1165 2421 1226 seriem
2450 1185 2564 1226 re-

608 1262 755 1302 rum
804 1255 995 1326 atque
1047 1256 1413 1328 temporum
1464 1242 1853 1306 examinanti
1901 1244 1982 1305 ad
2021 1246 2249 1308 Nolam.
2296 1261 2566 1332 accepta

606 1323 908 1396 videtur,
952 1322 1037 1385 ad
1062 1326 1415 1412 Pompejos
1455 1325 1709 1387 merita.

301 1507 400 1561 c...
425 1493 582 1561 ΡΜ...
729 1489 957 1554 XVIII.
1000 1490 1256 1550 Interea
1282 1488 1596 1575 temporis
1628 1491 1742 1553 Cn.
1767 1485 2119 1571 Pompeius
2157 1485 2408 1557 consul,
2452 1506 2566 1570 ref-

303 1581 423 1647 ejus
462 1575 558 1630 Vc·
604 1570 779 1633 lictis
808 1570 889 1631 ad
914 1569 1335 1632 obsidionem
1353 1571 1734 1649 Asculanam
1764 1570 2024 1632 idoneis
2055 1591 2134 1632 co
2183 1570 2291 1641 iis,
2332 1568 2399 1629 in
2425 1568 2563 1632 Ve-

252 1591 425 1726 fiius
457 1647 573 1699 vin·
600 1650 834 1724 stinos,
881 1651 1160 1715 vicinam
1195 1652 1576 1716 Picentibus
1615 1652 1895 1738 gentem,
1944 1647 2107 1735 expe
2156 1650 2565 1714 itionem'fe.

258 1725 358 1768 ‘'⁸“
603 1736 729 1797 cit:
796 1756 910 1796 eos
961 1754 1040 1796 ue
1088 1733 1289 1795 multo
1343 1739 1694 1800 certamine
1750 1737 1839 1798 ita
1890 1733 2139 1795 domuit
2164 1776 2181 1807 ,
2242 1747 2311 1795 ut
2356 1732 2570 1817 palam

604 1817 781 1879 inter
819 1837 891 1879 se
978 1836 1013 1878 e
1050 1814 1388 1880 deditione
1430 1819 1771 1902 agitarent.
1857 1814 1979 1879 Cui
2028 1814 2238 1877 ferme
2280 1813 2571 1899 tempori
2639 1835 2648 1848 ⁸

309 1906 442 1959 Cum
480 1904 541 1959 P.
606 1898 1004 1981 colloquium
1066 1918 1211 1960 cum
1248 1900 1324 1961 P.
1363 1901 1590 1965 Vettio
1629 1904 1907 1974 Catone,
2030 1897 2162 1959 uod
2215 1917 2287 1959 sc
2343 1897 2567 1958 tirone

267 1972 445 2058 meo
472 1976 580 2028 ⁶⁰¹·
605 1994 953 2066 praesente
999 1979 1286 2046 habitum
1324 1983 1562 2045 Cicero
1615 1983 1883 2053 scribit,
1948 2002 1982 2041 a
2034 1979 2277 2063 signari
2318 1975 2566 2063 potest:

262 2043 522 2114 ‘’imm'‘
607 2062 687 2124 ad
729 2061 905 2145 quod
942 2082 1137 2146 quum
1175 2060 1384 2125 frater
1417 2067 1704 2128 consulis
1740 2066 1978 2127 Sextus
2012 2074 2317 2124 evocatus
2358 2064 2572 2121 Roma

604 2143 902 2217 venill'et‚
946 2163 1223 2227 eumque
1254 2146 1411 2209 Cato
1452 2149 1792 2221 salutass'et,
1837 2165 1991 2229 quem
2027 2164 2080 2204 te
2110 2143 2421 2225 appellem?
2463 2142 2571 2203 in-

601 2226 770 2312 ·quit.
852 2230 947 2289 „At
980 2227 1094 2290 ille
1116 2269 1132 2300 ,
1176 2226 1457 2306 voluntate
1490 2231 1747 2312 hospitem
1769 2270 1787 2305 ,
1835 2221 2133 2305 neceffitate
2166 2224 2381 2303 bostem.

290 2400 587 2457 Laneus
730 2392 900 2452 XIX.
954 2391 1124 2452 Dum
1161 2411 1481 2476 prospere
1518 2392 1835 2477 Pompeio
1874 2389 2040 2453 locis
2077 2387 2416 2473 plerisque
2453 2407 2571 2448 ex-

262 2471 448 2555 ‘⁰¹⁸f⁸(
505 2488 584 2525 ⁰⁶-
610 2469 982 2558 peditiones
1043 2472 1317 2548 cedunt,
1394 2476 1662 2544 alterius
1721 2494 1981 2561 quoque
2037 2470 2340 2534 ‘consulis
2395 2467 2571 2531 haud

262 2538 489 2595 ‘amm
610 2553 1007 2652 poenitenda
1042 2553 1210 2638 gesta
1255 2555 1550 2620 fuerant:
1611 2578 1825 2642 neque
1866 2552 2224 2639 postremus
2268 2572 2348 2615 eo
2389 2550 2573 2614 bello

611 2650 1077 2733 imperatorum
1116 2641 1370 2700 Marsos
1411 2641 1762 2724 aliquoties
1809 2637 2146 2710 fuderant,
2211 2633 2565 2715 multisque

612 2719 780 2782 locis
809 2737 1024 2780 acrem
1053 2715 1504 2805 strenuumque
1538 2721 1768 2783 ducem
1802 2720 2098 2805 gess'erat,
2163 2715 2294 2779 Sed
2322 2717 2389 2792 in
2417 2717 2570 2800 ipso

614 2819 812 2863 cursu
840 2800 1317 2886 prosperitatis,
1365 2824 1517 2886 spes
1550 2804 1791 2888 amplas
1822 2800 2227 2885 gloriamque
2262 2794 2576 2859 illustrem

614 2902 763 2946 cum
797 2883 941 2966 ipsa
973 2882 1108 2944 vita
1140 2882 1381 2965 posuit.
1463 2887 1635 2946 Dum
1671 2885 1845 2947 enim
1887 2881 1969 2944 ad
2002 2881 2319 2948 Fucinum
2359 2881 2573 2940 lacum

613 2962 810 3027 castra
838 2968 1199 3040 Marsorum
1236 2981 1598 3049 oppugnat,
1664 2980 1729 3030 et
1770 2962 2241 3051 propemodum
2281 2962 2581 3046 explora-

498 3083 504 3091 ι
610 3060 741 3108 tam
787 3046 857 3106 in
903 3046 1197 3107 manibus
1252 3046 1597 3112 victoriam
1655 3048 1883 3121 habet,
1953 3057 2232 3138 accepto·
2260 3047 2577 3123 vulnere,

613 3140 909 3191 mortuus
952 3125 1406 3211 prosternitur.
1579 3135 1586 3144 ‘
2061 3149 2064 3154 ·

730 3290 871 3355 XX.
982 3310 1131 3353 uum
1171 3289 1462 3357 incertus
1511 3296 1729 3358 caedis
1768 3307 1993 3356 auctor
2036 3291 2225 3366 effet,
2291 3287 2464 3352 circa
2502 3290 2578 3351 C.

613 3372 894 3434 Marium
1006 3425 1023 3444 ,
1053 3373 1129 3434 F.
1178 3378 1468 3460 suspieip
1508 3377 1753 3448 haesit,
1802 3376 1985 3460 quasi
2030 3375 2234 3459 patris
2279 3370 2378 3435 sui
2421 3392 2580 3434 con·
2665 3398 2670 3404 ·

612 3454 944 3517 tumeliam
968 3455 1298 3519 vindicare
1323 3459 1696 3543 proditorio
1716 3457 1888 3520 facto
1915 3457 2255 3521 studuiss'et.
2302 3458 2377 3516 L.
2405 3455 2583 3515 enim

612 3535 925 3597 Porcium
955 3538 1198 3610 ferunt,
1246 3560 1443 3623 quum
1468 3541 1728 3603 easdem
1753 3540 2028 3604 haberet
2047 3538 2366 3621 legiones,
2415 3556 2581 3620 quae

617 3617 962 3701 superiore
1009 3638 1176 3682 anno
1219 3623 1339 3684 sub
1385 3627 1456 3686 C.
1494 3623 1705 3685 Mario
1747 3622 2227 3695 militaverant,
2293 3619 2582 3682 success'u

614 3698 887 3773 laetum,
933 3724 1056 3785 per
1082 3701 1445 3781 jactantiam
1484 3705 1748 3777 dixiss'e,
1779 3705 1882 3765 ·C.
1926 3704 2181 3764 Marium
2221 3723 2328 3762 non
2373 3703 2584 3777 majora

608 3778 816 3861 feciffl‘.
903 3786 1086 3845 Hanc
1125 3783 1518 3869 ipsi=vocem
1562 3787 1823 3850 letalem
1859 3785 2053 3849 fuiffe
2092 3798 2355 3870 putant,
2416 3781 2581 3845 nihil

617 3881 745 3924 -nec
776 3884 812 3924 a
845 3864 1120 3950 perfidia
1141 3909 1157 3940 ,
1211 3888 1333 3929 nec
1374 3891 1408 3929 a
1445 3868 1829 3933 crudelitate
1864 3865 2586 3931 Mariana*abhorrente

622 4045 625 4052 ’
691 4049 841 4126 Gap.
870 4053 1057 4107 XVII.
1093 4051 1244 4107 Plin.
1278 4070 1366 4122 aa.
1413 4056 1467 4109 6.
1509 4051 1595 4108 Id.
1633 4053 1778 4110 ibid.
1826 4074 1879 4110 c.
1915 4057 1970 4123 4.
2044 4054 2188 4129 Cap.
2215 4059 2429 4120 XVIII.
2468 4055 2517 4112 A
2570 4093 2593 4107 .

665 4116 780 4174 ian.
819 4121 1132 4203 Lim-Epit.
1176 4121 1300 4177 Cic.
1335 4121 1594 4195 Philipp.
1631 4143 1711 4181 ια.
1759 4149 1840 4184 u.
1919 4125 2063 4196 Cap.
2090 4130 2242 4188 XIX.
2277 4128 2510 4209 LivAEp
2569 4167 2587 4185 .

676 4201 795 4243 ros.
816 4189 1070 4263 Appian.
1090 4185 1243 4290 Veli.
1267 4209 1318 4248 ι.
1347 4195 1431 4252 16.
1451 4195 1704 4266 Eutrop.
1725 4195 1901 4252 Oros.
1946 4195 2090 4266 Cap.
2111 4201 2232 4255 XX.
2247 4193 2375 4254 Liv.
2389 4196 2554 4269 Epnt.
