2717 4667
410 296 417 303 .
511 201 602 264 IN
637 198 939 265 LOCUM
968 201 1130 263 Lm.
1162 199 1455 264 Lxxtx.
1514 189 1746 271 len‘.
2034 209 2122 300 ‘93

142 412 241 481 rit,
299 407 529 467 multam
567 411 852 468 materiam
890 385 1447 492 opportmiitatemque
1490 412 1799 472 demerendi
1834 412 2068 475 homines
2098 457 2116 488 ‚
2175 409 2245 468 U·
2270 429 2321 469 c.
2337 415 2463 472 ⁶65.

140 489 547 571 conciliandique
574 493 779 550 animos
798 530 816 563 ‚
863 488 1116 571 habutffi.
2172 484 2244 540 A.
2260 485 2328 540 G.
2340 484 2432 555 87.

247 617 469 682 XXIX.
514 618 740 703 Quibus
795 618 956 680 rebus
990 621 1116 698 jam
1156 619 1283 680 olim
1324 625 1385 682 in
1424 642 1578 683 tanto
1612 627 1948 704 optimatium
1991 623 2115 687 odio

145 706 349 766 invictus
393 720 595 763 contra
638 699 1055 782 potentiffimam
1078 703 1374 783 factionem
1405 704 1630 782 steterit
1649 748 1667 782 ,
1727 706 1917 768 iisdem
1953 707 2118 769 incli-

143 785 493 863 namjam‘ec
510 784 831 867 infractam,
869 781 934 864 st
935 784 1302 869 praesentibus
1330 785 1541 856 viribus
1560 789 2119 868 conjunctumdjuvet

142 885 192 924 et
229 866 523 946 adiuvetur
543 906 562 937 ‚
633 865 765 926 acile
797 864 1001 946 pessum
1036 871 1314 933 daturum.
1408 870 1547 932 Sane
1592 870 1837 951 deceptas
1867 868 1933 930 ab
1958 870 2118 931 Sulla

140 945 351 1029 legiones
378 947 547 1029 pellet
609 968 640 1005 o
675 967 745 1008 ex
776 947 909 1007 urbe
948 948 1143 1009 Mario
1164 989 1182 1022 ‚
1226 970 1416 1010 contra
1445 954 1556 1010 vim
1586 952 1925 1033 improvisam
1969 951 2119 1014 haud

125 1027 260 1109 finis
289 1045 492 1109 parato
512 1071 530 1103 ‚
575 1025 916 1110 commodasse
954 1051 1178 1091 manus.-
1223 1030 1327 1114 sed
1373 1052 1479 1092 non
1517 1032 1636 1092 ideo
1664 1032 1977 1111 exstInctam
2017 1033 2116 1094 ho-

135 1114 280 1172 minis
323 1113 615 1173 audaciam
657 1110 1197 1193 existimationemque
1247 1110 1367 1194 effi’.
1428 1118 1559 1195 quin
1609 1134 1797 1175 contra
1851 1111 2106 1197 acceffiffit

135 1190 330 1273 aliquid
365 1193 442 1253 aii
481 1203 774 1274 utramque
803 1235 821 1265 ,
857 1195 1125 1277 prodigiis
1153 1195 1405 1256 Deorum
1449 1215 1503 1255 et
1536 1197 1882 1257 inclinatione
1936 1197 2107 1257 homi-

135 1293 249 1333 num
278 1272 497 1335 brevem
523 1273 713 1353 status
746 1278 1092 1336 mutationem
1114 1275 1597 1360 praesagientibus.
1681 1279 1896 1338 Idcirco
1926 1282 2108 1353 citius,

140 1375 279 1438 quam
324 1355 396 1416 de
455 1357 649 1417 reditu
704 1357 823 1435 ejus
857 1357 996 1438 fiiri
1025 1364 1272 1440 potuerit
1295 1400 1312 1433 ‚
1372 1379 1558 1419 rerum
1592 1364 1825 1420 omnium
1860 1364 2064 1442 inopem
2088 1403 2106 1434 ,

94 1461 99 1462 ff
141 1435 239 1495 sola
302 1441 542 1498 nominis
596 1435 858 1504 Mariani
919 1438 1277 1502 admiratione
1327 1460 1391 1502 ac
1417 1439 1621 1525 favone
1639 1483 1657 1516 ‚
1714 1446 2008 1503 exercitum
2058 1461 2114 1503 et

141 1517 323 1600 daffem
360 1518 768 1602 comparamfle.
1092 1527 1096 1533 ’
1186 1544 1194 1554 ·
1322 1603 1327 1607 .

238 1626 440 1688 XXX.
489 1626 791 1686 Praeterea
827 1625 970 1688 nibil
1003 1630 1170 1712 magis
1208 1630 1490 1689 convenire
1526 1627 1753 1711 confidis
1788 1628 2105 1705 actionibus,

141 1709 221 1788 qui
265 1708 327 1767 de
372 1707 737 1785 restituendis
774 1708 1048 1849 &fidibus
1097 1729 1248 1770 tanto
1287 1730 1377 1769 ere
1409 1711 1735 1794 depugnat-it
1754 1755 1772 1785 ,
1832 1731 1989 1793 quam
2035 1714 2107 1774 C.

143 1789 371 1848 Marium
411 1793 628 1871 recipi,
687 1789 817 1873 exsu
841 1809 931 1850 um
963 1795 1196 1851 omnium
1234 1841 1240 1845 .
1280 1793 1390 1851 aud
1426 1794 1583 1854 dubie
1624 1798 1922 1876 principem
1942 1815 1961 1852 .·
2017 1794 2108 1854 id-

208 1893 232 1929 e
266 1867 364 1951 nisi
377 1870 495 1950 fiat
517 1914 535 1945 ,
583 1871 731 1954 apud
777 1872 973 1933 multos
1005 1877 1275 1933 orituram
1301 1871 1650 1956 suspicionem
1668 1918 1685 1950 ,
1747 1874 1902 1936 aliud
1919 1871 2111 1956 fimu-

148 1891 293 2011 llltum
325 1952 448 2013 illis
487 1952 918 2015 contentionibus
933 1996 952 2030 ,
996 1955 1152 2030 aliud
1182 1960 1474 2037 quaefitum
1508 1956 1625 2039 este.
1691 1957 1986 2017 Praeterea
2017 1975 2111 2017 ca-·

150 2034 350 2110 vetulum
370 2078 413 2114 ,V
438 2055 507 2095 ne
533 2077 550 2109 ‚
596 2036 748 2096 velut
781 2035 878 2096 hac
919 2037 1137 2119 repulsa
1174 2041 1435 2100 irritatus
1457 2084 1474 2116 ,
1538 2045 1596 2099 in
1623 2044 1928 2101 contrarias
1969 2056 2107 2122 par-

142 2135 214 2177 tes
241 2134 488 2179 transeat
508 2118 681 2178 'homo
697 2160 715 2192 ‚
759 2117 1105 2179 contumeliae
1143 2121 1314 2179 omnis
1354 2125 1636 2203 impatiens
1657 2166 1673 2197 ,
1719 2142 1775 2179 et
1816 2121 1891 2180 ad
1922 2121 2106 2181 vindi·
2147 2130 2223 2183 Et
2236 2127 2490 2187 taetram.-

137 2218 257 2257 ctam
285 2216 568 2281 praeceps.
657 2197 824 2260 Nunc
875 2204 1120 2281 occupari
1157 2222 1275 2260 eum
1295 2244 1312 2274 ,
1379 2208 1709 2287 retinerique
1744 2201 2108 2263 benevolentia
2129 2210 2216 2251 ’Μ
2252 2198 2327 2252 ⁶⁶¹
2357 2199 2454 2251 ld·

131 2278 301 2360 poffe.·
332 2280 428 2341 ubi
476 2281 577 2341 boc
611 2300 820 2364 tempus
863 2280 1293 2363 praetermiffitm
1330 2284 1522 2368 fuerit
1537 2328 1556 2361 ,
1616 2287 1803 2369 stram
1842 2283 2107 2368 neglectae
2131 2267 2427 2322 ‘'mmm“

140 2360 394 2444 occafionis
426 2367 814 2443 poenitentiam
832 2363 986 2446 fore.

234 2469 471 2536 XXXI.
534 2467 874 2531 Adversus
951 2468 1113 2534 haee
1170 2484 1365 2552 atque
1426 2465 1579 2529 talia
1631 2466 1714 2564 Q.
1770 2468 2108 2531 Sertorius

133 2550 321 2610 omnia
360 2550 490 2611 alia
527 2552 872 2625 censebat,
929 2550 1054 2616 five
1078 2594 1094 2624 ‚
1154 2566 1332 2614 tanto
1374 2550 1518 2612 viro
1547 2564 1927 2634 praesente,
1986 2552 2107 2612 mi-
2143 2627 2154 2632 ἡ
2203 2622 2214 2628 j

133 2632 291 2692 noris
333 2654 408 2695 se
457 2631 852 2696 aestimatum
900 2635 985 2695 iri
1020 2648 1291 2719 putans;
1338 2630 1507 2706 five,
1556 2633 1880 2716 probabili
1918 2654 2106 2695 caus-

134 2733 185 2773 sa
223 2729 441 2777 motus
464 2758 481 2786 ,
548 2716 965 2779 acerbitatem
1000 2717 1233 2789 Marii,
1297 2729 1364 2777 et
1400 2716 1486 2774 im
1535 2714 1873 2776 lacabilem
1902 2715 1985 2775 in·
2007 2716 2105 2778 vi-

132 2797 315 2857 ctoria
357 2797 647 2859 animum
684 2800 918 2883 procul
956 2799 1154 2870 rebus
1193 2790 1459 2859 urbanis
1490 2736 1858 2858 babendum
1890 2794 2106 2859 existi⁴

131 2879 339 2941 mahat.
426 2882 492 2941 Is
527 2899 689 2963 ergo
722 2880 896 2943 hune
937 2881 1207 2941 maxime
1244 2880 1315 2940 in
1351 2879 1616 2941 modum
1649 2879 1979 2943 differuitz
2015 2880 2020 2888 '

233 2986 502 3047 XXXII.
548 2986 710 3070 Qae
762 2989 830 3046 de
883 2993 1094 3048 virtute
1137 3005 1298 3068 atque
1318 3051 1320 3060 ‚
1341 2985 1525 3069 gloria
1594 2987 1663 3046 C.
1720 2985 1907 3046 Marii
1953 2985 2102 3045 dicta
2162 2982 2440 3067 Sertorius

124 3062 237 3144 sunt
252 3110 270 3141 ,
314 3089 493 3149 neque
530 3069 598 3128 ab
627 3071 860 3129 inimicis
892 3070 1011 3151 ejus
1048 3070 1354 3151 negantur.-
1410 3087 1466 3128 et
1512 3087 1604 3151 ego
1631 3070 1890 3128 nemiuem
1920 3065 2100 3128 eadem
2120 3065 2310 3136 ‘⁰⁹⁸3'0
2329 3053 2456 3124 ‘²¹51

34 3153 35 3156 ’
133 3167 289 3209 aetate
347 3154 738 3230 imperatorem
774 3170 894 3211 cum
928 3150 1022 3211 hoc
1056 3154 1356 3230 comparari
1392 3145 1535 3232 poffi·
1576 3148 1843 3210 arbitror.
1937 3147 2098 3210 Cete-
2121 3134 2286 3214 '5⁷⁸¹‘

135 3249 236 3289 rum
275 3231 728 3313 quemadmodum
772 3231 982 3313 reliqua
1004 3275 1021 3307 ‚
1079 3252 1211 3313 quae
1247 3229 1510 3305 oriuntur
1537 3251 1592 3290 et
1634 3231 1884 3306 occidunt
1900 3272 1917 3304 ‚
1948 3227 2101 3311 stata

135 3313 388 3372 crescendi
433 3313 816 3394 minuendique
870 3325 974 3374 tem
1010 3333 1108 3378 ora
1151 3312 1346 3374 habent
1363 3355 1381 3388 ‚
1447 3326 1613 3395 neque
1642 3309 1784 3391 fines
1827 3331 1860 3369 a
1898 3330 2102 3372 natura

128 3394 478 3477 praescriptos
527 3392 806 3475 transilire
852 3411 922 3477 po
967 3415 1102 3458 unt:
1163 3398 1243 3455 ita
1301 3415 1356 3455 et
1402 3394 1660 3455 humanae
1716 3397 1920 3455 virtuti
1960 3389 2104 3475 suus=

131 3494 269 3535 ortus
287 3518 305 3550 ‚
352 3476 561 3536 deinde
588 3477 878 3536 maturitas
897 3519 913 3552 ‚
951 3479 1215 3559 postremo
1231 3519 1247 3549 ,
1291 3496 1424 3558 quae
1456 3476 1618 3559 illamn
1637 3474 1940 3557 exstinguat
1957 3515 1974 3547 ‚
2001 3474 2057 3615 ζ
2069 3495 2108 3526 -·

129 3576 299 3617 nectus
322 3556 421 3636 eli.
512 3557 635 3617 Nec
676 3557 841 3632 aliter
878 3559 944 3619 de
985 3559 1167 3643 gloria
1192 3561 1586 3637 judicaverim.
1665 3555 1960 3616 multorum
2069 3592 2100 3607 -
2163 3632 2167 3635 Δ

130 3635 207 3696 die
237 3643 335 3699 vix
366 3642 593 3699 nomina
627 3639 1016 3723 cognoscuntur
1036 3684 1054 3715 ,
1099 3659 1228 3724 quos
1268 3639 1468 3723 ftimus
1508 3639 1732 3717 vetustis
1770 3635 2102 3718 temporibus

130 3717 401 3798 clariffima
419 3721 588 3803 fama
607 3716 886 3803 floruiffi·.
970 3724 1226 3785 Priorem
1259 3740 1439 3782 autem
1464 3721 1660 3805 gloria·
1683 3722 1948 3780 virtutem
1974 3716 2094 3798 effe,

131 3801 365 3881 necessum
404 3801 481 3881 cst
495 3845 515 3876 ‚
577 3821 749 3884 quum
798 3803 932 3866 hanc
975 3804 1074 3868 illa
1122 3802 1492 3887 consequatur.
1575 3805 1656 3863 At
1683 3841 1701 3875 ‚
1763 3821 1896 3883 quae
1921 3797 2100 3895 pbste-

133 3886 231 3941 rius
259 3904 384 3944 orta
406 3884 554 3966 sunt
567 3927 585 3957 ‚
633 3885 848 3946 diutius
883 3906 1117 3951 manent.
1203 3888 1287 3950 Eo
1311 3882 1387 3966 fit
1404 3925 1422 3959 ‚
1468 3903 1532 3947 ut
1562 3905 1670 3947 non
1706 3884 1848 3945 idem
1882 3902 2098 3945 utnus-

2281 2539 2298 2572 l

185 4067 318 4145 Cap.
336 4070 563 4131 xxxl.
589 4067 750 4128 Plut.
789 4069 1022 4132 sertor..

1914 4156 1944 4174 -Χ
