2717 4667
1685 145 1700 168 X

591 248 673 331 96
694 243 1274 358 XFREINSHEMH
1317 184 2312 328 SUPELEMENTORmsLm.
2336 253 2577 318 mv,

593 384 2578 405 ...m-...W

434 462 562 523 6⁶5.
708 458 846 517 XL.
892 449 1125 518 Marius
1152 454 1239 516 his
1289 469 1480 535 corpus
1519 455 1682 538 ficum
1712 455 2047 538 Jalutemqte
2079 456 2296 531 credet,
2366 465 2401 514 a
2441 461 2582 538 qui.

453 535 549 607 87·
586 536 688 599 bus
711 542 961 620 proximo
988 551 1126 596 anno
1157 535 1316 615 hostis
1328 535 1622 615 judicatus
1651 537 1770 616 est?
1814 559 1888 597 an
1916 540 2003 598 illi
2030 536 2254 620 cauſjam
2270 538 2431 620 suam
2461 561 2580 599 ur-

587 620 804 701 benique
849 639 946 679 aut
1006 624 1298 679 exercitum
1354 624 1684 692 committent
1722 619 1918 680 Mario
1943 662 1961 693 ,
2023 621 2177 699 cujus
2227 618 2578 681 irritabilem

544 731 559 739 κ
585 706 824 761 animum
856 721 962 761 non
996 703 1250 781 ignorant
1275 741 1292 773 ‚
1337 691 1548 761 'recenti
1582 700 1782 782 offbnsa
1828 700 1967 762 nihil
2005 702 2159 763 aliud
2174 745 2191 777 ‚
2268 720 2430 781 quam
2473 703 2581 762 ul.

586 788 783 845 tionem
803 825 820 858 ‚
865 784 1170 843 meditari?
1238 781 1450 843 Scilicet
1494 784 1618 843 Cn(
1639 787 1908 845 Octavius
1926 803 1988 843 ea
2017 784 2085 844 de
2120 805 2181 843 re
2215 784 2289 843 ad
2310 780 2586 863 senatum

585 866 792 948 refiret
811 908 828 940 ,
885 884 997 923 tam
1026 863 1287 938 eminente
1313 868 1374 923 in
1416 863 1694 926 Sullanam
1713 863 2012 948 factionem
2042 864 2230 945 studio
2248 907 2265 937 ‚
2310 883 2373 924 ut
2414 865 2587 926 dele-

584 968 703 1007 ctus
743 947 808 1007 ab
843 945 996 1007 Sulla
1032 945 1222 1029 fuerit
1241 991 1259 1022 ‚
1322 968 1487 1028 quem·
1512 966 1712 1021 tecum,
1743 951 1748 966 ¹
1778 949 1849 1009 L.
1889 948 2106 1019 Cinna,
2174 951 2329 1007 immo
2372 966 2587 1007 contra

582 1049 638 1090 te
684 1027 943 1111 confidem
973 1025 1190 1110 faceret
1205 1029 1234 1087 ?
1279 1029 1594 1090 Decernent
1642 1050 1767 1089 vcro
1801 1049 1917 1089 tum
1954 1028 2084 1103 alii,
2144 1048 2265 1088 tum
2303 1047 2433 1090 vero
2468 1051 2585 1091 cu-
2661 1065 2668 1068 e

573 1108 842 1193 pidtffime
888 1110 975 1194 ,Q
1012 1108 1241 1170 Catulus
1261 1152 1280 1186 ,
1333 1111 1454 1192 post
1496 1109 1855 1194 interverfitm
1886 1109 2169 1178 ‘Cimbrici
2214 1107 2343 1172 belli
2402 1111 2590 1174 decus

571 1190 786 1276 semper
816 1191 1106 1273 obliquus?
1326 1197 1331 1204 ‘
1975 1251 2000 1260 x
2093 1197 2096 1200 ’

135 505 139 516 .
206 463 321 519 'U.
356 482 408 519 c.

253 533 430 604 Α.οε

704 1324 870 1383 XLI.
915 1319 1002 1406 ,Q
1031 1340 1208 1382 autem
1248 1320 1520 1384 Metellus
1553 1344 1608 1385 et
1650 1323 1750 1388 Cn.
1782 1322 2071 1406 Pompeius
2090 1333 2111 1402 ‚'
2166 1324 2259 1406 qui
2288 1319 2392 1385 soli
2419 1342 2594 1387 stunc

565 1405 747 1489 justos
784 1408 1053 1465 exercitus
1085 1403 1279 1465 habent
1294 1447 1311 1479 ‚
1356 1404 1496 1465 hunc
1534 1411 1691 1467 enixe
1727 1411 1983 1487 recipient
1997 1403 2427 1488 juvabuntque?
2474 1407 2592 1467 ille

575 1505 932 1572 paternarum
965 1489 1372 1546 inimicitiarum
1406 1486 1592 1548 haeres
1611 1530 1628 1563 ‚
1675 1488 1757 1549 hic
1792 1508 1903 1548 tam
1932 1488 2157 1570 cupidus
2186 1493 2585 1570 imperiorum,

578 1590 647 1631 ut
683 1570 952 1629 traditum
981 1566 1181 1649 confidi
1211 1572 1505 1629 exercitum
1547 1591 1666 1633 nece
1695 1567 1848 1631 illius-
1884 1586 2125 1653 repetere
2156 1591 2263 1631 non
2282 1566 2372 1651 sit
2410 1577 2592 1631 veri·

582 1673 675 1714 tus
695 1693 713 1725 ‚
768 1653 970 1711 ⁴nedum
998 1648 1094 1710 ille
1138 1655 1305 1732 recipi
1359 1651 1565 1734 xfitlem
1581 1651 1769 1735 sinat.-
1815 1674 1932 1713 eum
1964 1658 2277 1734 praecipue,
2322 1669 2487 1734 quem
2518 1656 2594 1714 in

580 1733 716 1796 banc
753 1729 1046 1815 fortunam
1084 1754 1153 1792 ex
1203 1737 1335 1793 nimi
1403 1735 1698 1816 cupiditate
1740 1739 2047 1817 provinciae
2079 1754 2134 1795 et
2171 1740 2442 1795 exercitus
2478 1739 2591 1794 in-

582 1814 763 1897 cidille
808 1817 977 1876 norit.
1062 1812 1274 1896 'Nempe
1302 1812 1365 1895 fi
1393 1816 1667 1879 decretum
1707 1817 1773 1878 ab
1812 1816 2010 1898 senatu
2064 1814 2260 1878 bellum
2308 1816 2590 1877 Mithri-

528 1911 533 1912 ’
579 1898 817 1959 daticum
873 1896 1108 1958 adimere
1168 1898 1238 1957 L.
1284 1898 1469 1959 Sullae
1510 1900 1741 1961 Marius
1794 1899 2000 1971 voluit,
2077 1917 2135 1958 et
2174 1898 2594 1981 propemodum

476 2019 481 2026 ,
571 1984 798 2063 potuit:
849 1979 983 2060 quid
1027 1979 1278 2061 Pompey'o
1335 1980 1671 2063 relinquitur
1711 1982 1827 2063 spei
1851 2024 1868 2057 ,
1934 2001 1967 2039 a
1997 2002 2098 2062 quo
2135 1999 2241 2041 non
2276 1980 2446 2041 modo·
2477 2002 2593 2040 re-

580 2083 762 2123 tentus
799 2080 989 2122 contra
1031 2062 1365 2123 voluntatem
1402 2064 1637 2125 Patrum
1674 2070 1943 2125 exercitus
1964 2106 1981 2137 ,
2030 2062 2133 2145 sed
2176 2064 2336 2123 etiam
2372 2062 2593 2142 miJJus

300 2145 554 2202 Omnibus
578 2144 644 2206 ab
666 2144 864 2228 senatu
895 2164 990 2203 con
1015 2143 1076 2202 ul
1107 2142 1300 2225 occisus
1335 2143 1453 2223 est?
1531 2143 1826 2207 Enimvero
1858 2146 1982 2206 haec
2019 2143 2108 2206 vel
2133 2149 2425 2226 praecipua
2464 2164 2592 2204 no·

235 2232 483 2276 ⁶³⁶-⁰³“¹¹⁸²
577 2227 673 2289 bis‘
708 2227 882 2287 cautio
913 2226 969 2307 el
977 2247 1012 2284 e
1057 2225 1211 2285 debet
1232 2248 1257 2299 ‚·
1321 2247 1387 2287 ne
1429 2226 1690 2287 hominem
1727 2246 1812 2286 tot
1853 2247 2013 2308 atque
2052 2231 2219 2286 tantis
2255 2225 2592 2286 inimicitiis

489 2359 498 2370 ,
577 2308 831 2371 obrutum
867 2307 947 2367 ita
979 2307 1424 2387 complectamur,
1487 2312 1638 2369 utin
1682 2330 1778 2368 nos
1808 2327 2056 2390 expetere
2095 2305 2219 2368 odia
2258 2302 2362 2388 ipsi
2404 2306 2592 2367 debi-

576 2412 637 2453 ta
669 2385 887 2473 poffint.
974 2388 1162 2449 Multi
1189 2389 1334 2449 haud
1363 2390 1521 2451 dubie
1549 2390 1776 2469 nostras,
1816 2411 1915 2453 aut
1951 2394 2111 2451 etiam
2147 2406 2369 2450 neutras
2420 2406 2590 2469 par..

578 2494 661 2535 tes
687 2473 1024 2555 sequentium
1043 2513 1061 2545 ‚
1126 2469 1217 2531 ubi
1251 2468 1391 2532 hunc
1426 2471 1692 2533 nobiscum
1726 2470 1826 2555 effi·
1868 2473 2126 2548 audient,
2186 2472 2307 2532 odio
2341 2490 2591 2544 {netuve

575 2556 741 2618 illius'
764 2558 825 2614 in
859 2552 1086 2638 adverfiz
1111 2552 1284 2631 castra
1320 2556 1691 2635 conjicientur.

270 2684 348 2750 'Ee
377 2694 554 2750 vindi·-
709 2686 903 2756 XLII,
979 2685 1169 2767 Igitur
1212 2684 1386 2744 modis
1429 2680 1671 2746 omnibus
1720 2685 1784 2746 id
1843 2681 2163 2769 adspernari
2210 2701 2270 2743 ac
2324 2681 2593 2764 rejicere

242 2776 358 2819 ‘²⁶⁸³
393 2766 552 2839 5³1⁹?-
579 2765 850 2851 consilium
882 2765 1195 2839 debemus„
1261 2787 1332 2826 uo
1363 2765 1515 2827 nobis
1555 2787 1610 2828 et
1645 2764 1928 2849 difficilius
1968 2768 2168 2830 bellum
2190 2764 2331 2846 flat,
2378 2784 2437 2824 et
2475 2770 2593 2828 in-

238 2835 386 2896 dm*-
576 2846 831 2930 vidiqlior
857 2852 1104 2908 victoria.
1193 2785 1342 2907 §am
1378 2848 1471 2909 ille
1493 2891 1510 2922 ,
1555 2845 1654 2909 nbi
1671 2851 1912 2931 fortuna
1947 2872 2047 2911 nos
2077 2849 2381 2929 adjuverit,
2429 2853 2596 2908 vin-

574 2933 757 2994 dicare
786 2935 1035 3012 privatas
1078 2932 1391 2990 inimicitias
1435 2932 1798 2992 communibus
1828 2937 1997 2993 armis
2029 2931 2209 3003 volet3
2252 2949 2342 3003 et,
2381 2927 2598 3011 supra

571 3033 827 3076 naturam
850 3009 1068 3095 fizevam
1122 3029 1281 3093 atque
1309 3011 1719 3095 sanguinariam
1743 3054 1759 3086 ‚
1828 3013 2169 3076 contumelias
2191 3011 2323 3093 ficas
2363 3030 2420 3071 et
2467 3029 2593 3093 pe·

573 3096 746 3156 ricula
782 3111 1012 3175 nuperae
1052 3092 1223 3176 fugae
1262 3098 1322 3153 in
1361 3094 1635 3175 confilium
1667 3093 1956 3158 adhibebit.
2043 3090 2308 3176 Nondum
2335 3088 2471 3153 baec
2514 3117 2594 3153 e-

572 3198 668 3237 rat
712 3174 895 3259 passus
920 3215 938 3250 ,
1009 3196 1170 3257 quum
1216 3176 1279 3236 ab
1314 3176 1563 3237 tribunos
1601 3176 1667 3237 ab
1700 3182 1941 3244 exercitu
1967 3173 2296 3257 lapidatos,
2362 3195 2597 3255 qnam..

573 3277 731 3340 quam
780 3276 905 3332 ante
944 3257 1098 3340 fores
1154 3259 1307 3318 ultor
1364 3256 1490 3339 efflet
1511 3297 1531 3331 ‚
1591 3258 1792 3319 multos
1847 3257 2074 3344 insignes
2127 3261 2275 3319 viros
2296 3272 2598 3397 dpropten·

573 3344 865 3402 amicitiam
933 3338 1116 3401 Sullae
1183 3344 1411 3401 necavit.
1494 3338 1754 3424 Quantas
1801 3340 1960 3403 illum
2002 3339 2217 3424 strages
2268 3361 2294 3398 e
2336 3343 2594 3401 iturum

566 3440 841 3505 putemus,
893 3420 985 3486 ubi
1045 3439 1244 3481 vacuus
1284 3440 1468 3498 metu,
1528 3421 1768 3503 incensus
1822 3421 1981 3484 malis
2001 3463 2019 3498 ,
2079 3422 2310 3483 arbitrio
2341 3417 2455 3503 suo
2504 3423 2601 3483 de

570 3508 800 3567 inimicis
830 3504 1124 3565 vindictam
1142 3502 1325 3586 ficmet
1339 3503 1369 3561 ,ἲ

325 3647 547 3718 Ideoque
689 3636 915 3699 XLIII.
961 3634 1068 3696 Sed
1100 3653 1165 3696 ea
1203 3650 1292 3693 res
1343 3627 1516 3693 multa
1552 3633 1814 3716 cooperiet
1856 3626 2084 3718 infizm'ia
2133 3632 2419 3696 victoriam
2455 3651 2601 3694 no..

246 3720 424 3778 multa
449 3719 543 3798 ssa·
558 3717 736 3796 stram
757 3761 773 3790 ,
829 3719 1138 3800 summoque
1164 3735 1262 3775 nos
1291 3715 1501 3797 pudore
1534 3737 1595 3776 ac
1645 3715 1871 3792 tristitia
1908 3713 2147 3795 conficiet
2168 3757 2184 3787 ‚
2232 3718 2325 3795 qui
2359 3717 2600 3795 utique

239 3800 393 3871 “92:¹⁴
400 3805 448 3838 m
465 3802 544 3837 '³¹‘
571 3819 677 3860 non
712 3781 1028 3883 sanguine»)
1059 3800 1254 3858 civium
1270 3837 1288 3870 ‚
1314 3795 1426 3877 Jed
1454 3798 1807 3871 concordiam,
1854 3819 1907 3864 et
1939 3797 2258 3878 reipublicae
2286 3794 2600 3877 salutem,

243 3856 470 3979 ‘'¹⁴:3⁰⁵‘'
494 3866 546 3907 ἰ
572 3902 625 3941 et
652 3880 754 3962 sua
797 3883 985 3961 cuique
1004 3877 1149 3960 jura
1190 3882 1407 3960 integra
1444 3896 1603 3959 atque
1631 3878 1813 3962 illaesa
1858 3892 2149 3961 optumum
2205 3893 2261 3939 et
2297 3877 2382 3938 his
2472 3877 2602 3937 la...

233 3927 326 3992 fu
364 3939 421 3977 α’
572 3963 680 4025 diis
712 3984 818 4024 non
847 3962 1008 4034 aliam
1044 3960 1107 4021 ob
1136 3955 1361 4040 canffizm
1395 3964 1680 4043 cingimur.
1766 3962 1988 4023 Accedit
2015 3961 2369 4021 ‘adolescentis
2408 3897 2511 4019 251
2559 3999 2608 4018 -.

574 4050 652 4106 rii
679 4045 966 4126 fi'millima
1013 4059 1271 4126 paternae
1322 4060 1552 4104 naturae
1605 4039 1841 4125 perfidia
1895 4062 1951 4104 et
1997 4042 2329 4120 crudelitas:
2383 4058 2619 4181 uqbuem

1177 4155 1180 4162 ⁴
2463 4144 2490 4182 t
