2717 4667
444 279 524 351 IN
556 235 858 353 noenu
896 290 1055 351 Lm.
1096 267 1464 356 tantvm?
1486 287 1708 356 mvn.
1978 310 2055 372 71

666 489 679 497 κ

180 494 368 567 animis,
414 511 653 581 paratas
753 517 788 559 e
839 495 921 559 ad
956 495 1353 572 audendum,
1419 496 1475 558 si
1520 515 1644 582 qua
1690 495 1949 560 occasio
1986 516 2058 559 se
2116 490 2403 559 [Le-⁶64·

183 576 401 651 definiet,
439 599 628 642 naves
660 516 1022 641 ngebwt·
1054 649 1055 652 Ἴ
2118 562 2191 618 Α·
2210 563 2279 617 C·
2306 562 2396 618 88·

265 683 365 743 XX.
404 683 591 746 Forte
622 685 692 747 in
727 685 1089 747 onerariam
1121 703 1203 746 ex
1239 682 1466 767 regiis,
1509 701 1774 768 praeter
1793 700 2064 770 ‚portum
2121 699 2259 753 Atia
2282 717 2386 772 pu·
2409 743 2428 754 .,

185 761 278 823 vela
309 765 656 842 facientem,
712 767 965 829 Rhodia
1018 766 1307 828 dicrotos
1368 765 1622 830 invecta
1673 768 1908 831 fuerat.
1990 769 2069 830 ab
2093 784 2268 840 gna„
2325 819 2330 826 .

184 842 267 905 hoc
290 845 478 920 initio,
544 871 740 933 quum
781 849 1104 931 utrimque
1140 846 1217 908 ad
1259 866 1523 909 suorum
1557 850 1862 910 auxilium
1904 852 2069 911 mul-

181 939 250 986 tae
277 949 435 990 naves
473 929 999 1014 adremigass'ent‚
1070 930 1138 991 in
1180 947 1330 989 acre
1376 945 1702 993 certamen
1737 933 2069 994 contentio

181 1010 381 1069 evaluit:
438 1011 566 1073 Diu
608 1025 670 1073 at
721 1032 801 1074 ue
843 1011 1268 1073 vehementer
1307 1025 1408 1073 est
1443 1026 1829 1096 pugnatum,
1875 1034 2071 1094 quum

176 1088 519 1168 dissimillimis
552 1034 779 1156 caugis
815 1115 933 1176 par
964 1107 1386 1176 utrorumque
1413 1094 1617 1155 robur
1651 1095 1826 1159 ess'et.
1887 1095 2070 1156 Rho-

175 1169 263 1234 diis
302 1195 385 1233 ars
415 1175 915 1257 gubernatorum
938 1217 955 1249 ‚
1016 1174 1181 1238 ordo
1238 1175 1532 1250 navium,
1591 1178 1833 1262 peritia
1869 1178 2067 1240 remi-

76 1319 85 1330 ?
172 1272 275 1333 gum
310 1254 537 1317 aderat:
581 1258 1063 1341 praefectorum
1108 1276 1235 1341 qno
1330 1278 1367 1319 e
1407 1258 1792 1322 dexteritate
1843 1273 1910 1320 et
1955 1281 2067 1320 na-
2145 1257 2152 1264 ’

170 1335 341 1396 valiam
379 1338 697 1399 sociorum
733 1338 974 1402 virtute
1013 1338 1257 1423 praesta
1306 1354 1434 1401 ant.
1517 1341 1819 1413 Pontici,
1876 1341 2070 1401 mari-

166 1414 389 1479 tiniarum
423 1440 642 1481 rerum
684 1420 918 1493 rudes,
991 1442 1122 1482 non
1164 1421 1378 1484 minus
1419 1422 1593 1482 inter
1630 1442 1774 1483 sese
1799 1465 1816 1494 ‚
1883 1443 2072 1505 quam

172 1496 222 1555 ab
252 1498 525 1574 hostibus,
599 1502 1057 1564 turbabantur:
1120 1502 1208 1564 ita
1262 1502 1527 1600 quidem
1581 1501 1940 1586 flagitiose,
2002 1516 2076 1564 nt

173 1576 277 1638 chia
304 1581 495 1654 navis,
550 1602 713 1665 quae
757 1582 1120 1644 Mithridati
1155 1583 1507 1657 militabat,
1553 1584 1618 1645 in
1702 1585 2070 1655 raetoriam‚

176 1676 251 1738 qua
281 1682 379 1722 rex
408 1664 552 1745 ipse
591 1664 979 1737 vehebatur,
1048 1665 1219 1726 illisa
1243 1707 1259 1738 ‚
1305 1685 1538 1749 magno
1596 1667 1644 1726 il
1674 1686 1773 1725 am
1829 1667 2075 1750 impetu

173 1744 446 1803 concuss'am
481 1753 729 1806 tantum
772 1766 902 1807 non
943 1745 1367 1832 deprimeret.

246 1849 383 1911 XXI.
421 1850 677 1912 Animis
730 1866 941 1914 tamen
984 1852 1341 1936 aequabant
1388 1851 1669 1926 bostem,
1743 1850 1914 1934 quod
1953 1849 2072 1912 sub
2136 1843 2334 1928 {Rhodii

173 1929 314 1989 oculis
343 1933 731 1995 Mithridatis
773 1935 1206 2018 pugnabatur3
1268 1935 1377 1996 cui
1415 1934 1610 1997 fidem
1655 1956 1829 1996 suam
1867 1933 2072 1996 virtu·
2099 1922 2338 1970 ‘'meu“

171 2018 358 2093 temque
403 2015 765 2097 approbare
820 2016 1188 2100 cupiebant.
1291 2016 1396 2077 Ad
1466 2017 1593 2079 hoc
1657 2014 2071 2077 multitudine

170 2093 351 2152 navium
398 2096 775 2179 superiores
824 2097 1225 2160 circumdare
1268 2096 1521 2172 hostem
1589 2114 1654 2160 et
1690 2099 1756 2158 in
1788 2095 2073 2158 medium

166 2189 393 2256 acceptos
434 2177 723 2261 undique
762 2200 1002 2263 urgere
1055 2179 1447 2241 nitebantur.
1535 2180 1666 2242 Sed
1701 2179 1768 2239 id
1809 2179 2072 2262 pericu-

165 2252 254 2313 lum
282 2258 505 2319 Rhodii
559 2260 820 2335 eadem,
877 2283 1001 2345 qua
1030 2261 1253 2345 prius,
1318 2275 1458 2322 arte
1503 2262 1829 2324 vitarunt:
1875 2260 2072 2322 trire-

165 2354 391 2422 memque
441 2363 635 2400 unam
685 2365 828 2405 cum
892 2339 1055 2428 ipsis
1091 2342 1254 2404 viris
1312 2356 1561 2426 captam
1606 2342 1897 2405 remulco
1940 2354 2074 2401 tra-

76 2461 79 2464 >
163 2413 361 2494 henum,
432 2423 657 2486 multis
731 2424 1140 2488 armamentis
1188 2425 1398 2509 'atque
1455 2426 1685 2508 spoliis
1744 2420 1947 2483 onusti
2004 2422 2077 2481 in

162 2515 354 2579 portum
389 2504 752 2568 redierunt.
836 2508 921 2570 At
955 2504 1285 2592 postquam
1311 2549 1328 2579 ‚
1375 2506 1725 2567 recensitis
1759 2503 2031 2563 navibus
2053 2545 2071 2574 ‚

163 2581 311 2645 abeffe
357 2586 891 2671 quinqueremem
940 2587 1205 2657 videre,
1264 2588 1478 2670 ignari
1520 2590 1597 2648 ab
1647 2582 1942 2647 hostibus.
1976 2604 2080 2646 ca-

162 2675 317 2802 fitam,
379 2661 744 2751 quaesitum
803 2691 942 2732 eam
980 2670 1358 2746 >velociores
1412 2670 1653 2730 ceteris
1713 2686 1911 2727 naves
1967 2686 2082 2726 sex

193 2763 216 2804 e
242 2751 391 2812 omni
420 2771 697 2813 numero
734 2754 1068 2835 longarum
1114 2752 1448 2812 emittuntt
1510 2752 1577 2810 in
1611 2750 1718 2810 his
1762 2750 2081 2830 Damago-
2165 2763 2170 2768 ’

162 2846 231 2887 ras
258 2847 413 2906 erat,
461 2833 676 2894 claffis
706 2834 1000 2894 Rhodiae
1035 2832 1431 2915 praefectus.
1517 2830 1812 2898 Viciss'im
1847 2851 1882 2890 a
1918 2849 2080 2911 rege

161 2927 303 2971 naves
356 2914 641 2997 quinque
693 2930 760 2977 et
806 2913 1039 2997 viginti
1095 2931 1447 2975 occurrere
1498 2914 1840 2993 jubentur}
1922 2932 2118 2993 quas.

157 2988 483 3076 Damagoras
562 3019 760 3080 quum
819 2999 897 3058 ad
955 2995 1114 3057 solis
1171 3015 1469 3057 occasum
1520 3014 1727 3078 usque
1784 2992 2079 3054 cedendo

162 3072 398 3148 chifflet,
467 3078 934 3141 recedentibus
987 3077 1285 3138 invectus
1329 3076 1487 3138 duas
1526 3075 1873 3158 depreffit:
1929 3074 2080 3135 toti·

160 3151 262 3215 dem
296 3157 366 3218 ad
398 3160 798 3243 importuosa
829 3161 1061 3243 Lyciae
1097 3149 1290 3219 litora
1326 3179 1467 3220 com
1562 3158 1672 3218 lit:
1736 3171 1801 3219 et
1825 3197 1841 3228 ‚
1904 3155 2080 3215 inter

158 3232 272 3297 hacc
307 3256 489 3304 nocte
553 3258 969 3327 consumpta,
1052 3238 1364 3325 postridie
1412 3243 1469 3301 R
1521 3238 1714 3300 odum
1767 3256 2077 3299 reversus

156 3330 238 3382 est.

241 3404 412 3467 XXII.
473 3405 927 3478 Mithridates„
1016 3427 1213 3489 quum
1267 3417 1446 3465 tanto
1493 3400 1909 3483 paucioribus
1963 3418 2081 3491 par
2143 3386 2440 3508 Mfff‘gfff‘*

161 3480 248 3541 effe
278 3506 398 3546 non
424 3488 770 3568 potuisset‚
833 3488 903 3547 in
940 3487 1156 3564 Chios
1182 3485 1417 3550 effudit
1456 3484 1652 3555 iram,
1698 3483 1949 3577 totique
1986 3499 2078 3540 ct·
2105 3460 2433 3587 :ngdif'ff

76 3619 77 3624 ,
156 3561 294 3627 vitati
341 3567 652 3640 minatus,
723 3569 1223 3652 gubernatorem
1280 3567 1502 3637 navis,
1567 3583 1731 3645 ‘1⁰³0
1787 3585 1856 3622 ¹¹¹
1905 3581 2080 3622 suam
2109 3608 2250 3647 ram.

159 3663 499 3722 accurrerat,
547 3657 696 3712 cum
739 3666 1002 3734 proreta
1047 3650 1369 3735 supplicio
1406 3646 1665 3709 adfecit.
1754 3645 1886 3706 Sub
1933 3663 2081 3739 eos-
2171 3649 2176 3656 '

160 3722 264 3787 dem
311 3729 480 3798 dies,
567 3754 767 3815 quum
848 3732 1117 3796 edestris
1160 3731 1486 3796 exercitus
1535 3728 1713 3809 regis
1761 3746 2082 3804 onerariis

160 3820 208 3867 et
235 3811 590 3875 triremibus
639 3755 1106 3889 adveberetur,
1149 3811 1559 3897 'repentinus
1596 3809 1788 3870 turbo
1835 3821 2085 3891 partem

160 3892 359 3954 navium
402 3897 469 3956 in
505 3896 842 3960 Rhodium
887 3897 1043 3959 litus
1095 3896 1388 3981 impegit.
1473 3889 1757 3963 Rhodiis
1804 3889 2084 3973 impigre

208 4077 325 4151 Cap.
344 4081 468 4138 xx.
502 4053 753 4137 Diodca
797 4082 878 4136 ua
909 4083 1110 4139 vales.
1143 4078 1406 4156 Appias.
1466 4078 1612 4150 cap.
1646 4079 1795 4140 xxt.
1830 4074 2082 4134 modor.

164 4139 352 4219 Appian.
422 4154 575 4226 Cap.
618 4152 751 4209 XXI
785 4192 799 4211 .
826 4153 958 4212 Val.
993 4154 1151 4210 Max.
1186 4153 1241 4211 ⁵.
1281 4172 1336 4212 a.
1367 4165 1423 4207 ι.
1456 4156 1575 4205 ext.
