2717 4667
605 232 736 344 aaa
812 256 1226 327 FREmsH:
1247 249 2258 375 summmrommzm.
2282 253 2537 326 ωινιι.Κ
2572 222 2577 231 ’

2688 332 2689 359 l

265 480 337 536 Π,
371 497 425 535 0,
450 477 577 550 Q,
639 465 686 517 .‘
732 472 1016 539 xGVIII.
1059 474 1283 553 Nuper
1314 462 1511 542 enim,
1534 440 2352 566 Q.‘Metello·Piomortuo,'
2376 484 2557 547 quum

264 552 344 603 A.
363 550 433 604 G.
462 551 553 633 63-
652 554 935 621 ontificis
966 552 1222 619 maximi
1250 566 1510 613 vacaret
1532 553 1739 624 loeus,
1785 552 1863 610 ⁷1¹.
1882 547 2206 610 Labienus
2237 547 2444 630 legem
2467 562 2558 610 tu-

266 621 471 701 qafur
487 635 548 672 ”⁸
632 651 771 703 erat
790 679 807 712 ,
853 657 917 697 ut
937 678 954 710 ,
997 636 1255 716 abrogata
1299 635 1414 715 lege
1440 628 1699 694 Comelia
1715 673 1734 705 ,
1779 650 1835 691 et
1871 650 2122 691 revocata
2156 631 2433 702 Domitia,
2470 647 2558 712 po.

189 695 581 761 '’em“'n‘lm’
599 721 771 803 palus
806 716 1114 803 sacerdotia
1157 715 1475 774 mandaret.
1527 713 1805 781 *Fiebat‘
1823 712 1952 774 hoc
1991 711 2064 772 in
2096 710 2390 773 Caesaris
2420 731 2560 793 gra-

195 754 429 821 u‘ficatus
444 771 580 806 sum-
635 803 649 818 ‚
882 811 886 815 ‚
1082 795 1096 811 .
1910 814 1913 817 ‚
2022 793 2035 807 .
2093 793 2107 808 .

195 839 310 875 „m
328 824 578 878 vernn..
603 814 790 874 tiam,
851 818 1042 883 quem
1078 808 1167 857 ita
1200 795 1463 860 fovebat
1492 810 1578 879 po
1627 795 1810 867 ulus,
1866 807 1938 856 ut
1972 793 2139 855 mlnl
2173 812 2305 861 non
2340 791 2422 852 ad
2459 792 2561 856 de-

191 903 369 961 perat.
599 882 981 947 merendum
1015 898 1162 940 eum
1191 877 1477 940 facturus
1511 876 1576 939 vi
1623 890 1873 940 eretur.
1948 880 2171 958 ltaque
2189 915 2207 947 ,
2252 874 2412 951 licet
2445 875 2561 937 duo

575 965 833 1028 -summi
884 961 1011 1043 viri
1060 960 1142 1055 Q.
1183 959 1479 1032 Catulus,
1531 956 1980 1033 P.,S'ervi1ius
2022 955 2351 1018 Isauricus
2391 970 2563 1039 pete-

602 1060 790 1120 rent,
852 1048 1086 1106 Caesar
1128 1038 1290 1101 nihil
1318 1041 1598 1106 ‚territus
1639 1060 1711 1102 se
1748 1035 2035 1101 ostendit·
2055 1037 2560 1121 competitorem.

603 1131 708 1191 Et·
727 1129 1018 1199 Catulus,
1066 1135 1302 1206 quanto
1337 1121 1759 1203 majorannis
1794 1138 1870 1184 ac
1904 1119 2218 1204 dignitate
2252 1133 2417 1196 erat,
2456 1121 2565 1181 im-

603 1209 876 1296 pensius
919 1207 1158 1269 timens
1196 1205 1558 1289 repulsam,
1617 1222 1742 1289 per
1784 1217 2003 1266 certos
2042 1201 2343 1264 homines
2379 1201 2568 1287 egiss'e

607 1312 756 1357 cum
784 1292 1059 1351 Caesare
1098 1286 1467 1369 dicebatur,
1511 1306 1736 1370 magna
1770 1284 2016 1350 ostensa
2055 1282 2411 1356 mercede,
2437 1297 2506 1344 ut
2534 1305 2569 1344 a

463 1392 492 1409 ⁸·
605 1372 927 1459 petitione
962 1367 1319 1432 desisteret.
1380 1368 1496 1429 Ille
1533 1381 1756 1430 contra
1789 1368 1986 1451 longe
2017 1364 2329 1447 majorem
2361 1384 2437 1429 sc
2458 1365 2569 1425 im..

605 1456 875 1541 pensam
927 1452 1244 1531 facturum
1293 1449 1365 1510 in
1413 1449 1673 1512 comitia
1719 1447 2092 1512 declaravit.
2173 1451 2314 1511 Nec
2353 1447 2569 1510 verbis

608 1535 820 1599 abfuit
866 1532 1066 1619 fides:
1127 1544 1426 1616 tantaque
1470 1530 1818 1615 largitione
1860 1529 1948 1593 est
1983 1549 2177 1603 usus,
2233 1543 2306 1591 ut
2355 1529 2569 1599 matri,

610 1616 1113 1680 descendentem
1146 1613 1226 1674 ad
1259 1613 1521 1675 comitia
1550 1632 1696 1678 cum
1726 1612 2010 1676 lacrimis
2048 1610 2367 1674 osculanti
2390 1652 2408 1683 ,
2448 1619 2572 1671 ina-

561 1731 574 1750 =
611 1698 1014 1785 gnitudinem
1070 1696 1242 1758 aeris
1289 1695 1487 1757 alieni
1540 1712 1615 1758 re
1661 1694 1902 1758 utando
1924 1739 1943 1771 ,
2003 1692 2284 1755 dixeritt
2353 1693 2568 1763 Hodie,

610 1801 822 1854 mater,
860 1801 957 1839 aut
989 1775 1289 1861 pontificem
1322 1776 1536 1840 habebis
1562 1717 1778 1856 figam,
1820 1797 1916 1838 aut
1948 1774 2207 1858 exsulem.
2290 1774 2580 1859 Ideoque

613 1862 777 1925 duos
809 1875 937 1923 tam
1017 1874 1269 1923 utentes
1296 1859 1482 1921 'viros
1517 1860 1606 1923 ita
1642 1859 2007 1944 superavit,
2060 1870 2131 1919 ut
2156 1857 2343 1939 plura
2375 1857 2448 1918 in
2472 1875 2572 1918 eo-

605 1965 755 2090 }um
804 1944 978 2005 tribu
1027 1964 1100 2005 us
1158 1940 1499 2026 suffragia,
1568 1962 1756 2028 quam
1799 1956 2075 2026 uterque
2120 1939 2192 1999 in
2244 1939 2568 2012 omnibus,

635 2038 836 2089 erret.
1019 2052 1024 2057 ·

730 2133 955 2201 XCIX.
1010 2122 1168 2196 Piso
1210 2128 1410 2214 igitur
1451 2144 1517 2194 et
1556 2133 1845 2205 Catulus,
1906 2130 2011 2193 his
2057 2127 2360 2192 odiorum
2402 2147 2566 2188 caus-

613 2213 707 2276 sis
760 2235 953 2298 quum
999 2213 1339 2296 impellere
1389 2215 1721 2279 consulem
1768 2212 2233 2310 nequiviss'ent,
2300 2209 2570 2271 eircum-

532 2350 536 2359 ,
611 2295 825 2359 eundo
863 2310 1102 2367 tamen,
1157 2309 1228 2369 ⁴et
1263 2294 1444 2358 velut
1480 2316 1559 2357 ex
1583 2296 1926 2358 Volturcio
1969 2308 2076 2357 aut
2112 2291 2573 2373 Allobrogibus

608 2378 821 2440 audita
868 2375 1271 2452 differendo,
1318 2390 1562 2438 tantum
1608 2377 1709 2438 illi
1741 2377 2022 2441 invidiae
2061 2372 2468 2446 conflarunt,
2512 2382 2574 2432 ut

611 2459 866 2543 equites
910 2459 1186 2523 Romani
1236 2457 1497 2543 quidam
1551 2478 1632 2521 ex
1678 2479 1759 2520 eo
1811 2479 2119 2531 numero,
2179 2454 2291 2542 qui
2331 2455 2573 2517 circum

512 2607 518 2614 ,
613 2538 1016 2603 Concordiae
1051 2555 1327 2603 armatus
1356 2538 1572 2615 stabat,
1615 2553 1933 2637 tamquam
1960 2537 2121 2604 hosti
2152 2537 2422 2623 publico
2451 2537 2572 2619 gla-

609 2622 737 2683 diis
785 2623 1257 2685 minitarentur.
1337 2621 1435 2683 Ibi
1470 2622 1670 2685 Curio
1710 2622 1950 2685 dicitu'r
1986 2643 2133 2685 eum
2169 2618 2398 2683 texiss'e
2436 2631 2574 2700 toga

610 2726 757 2781 sua,
803 2718 868 2766 et
895 2705 1150 2778 consul,
1197 2704 1598 2784 intuentibus
1626 2703 1694 2765 in
1716 2725 1873 2773 ,eum
1902 2704 2253 2790 equitibus,
2294 2700 2572 2763 abnuiss'e

544 2826 549 2831 >
608 2784 907 2847 caedem:
968 2786 1108 2849 sive
1154 2784 1465 2864 credebat
1503 2787 1953 2860 innocentem,
2013 2786 2151 2848 sive
2195 2784 2307 2845 ille
2344 2797 2572 2868 poten-

604 2866 760 2928 tiam
791 2865 1073 2929 hominis
1106 2867 1452 2940 metuebat,
1496 2888 1602 2942 ne,
1649 2867 2076 2949 cauffavhujuws
2110 2880 2176 2929 et
2209 2878 2574 2927 ceterorum

605 2949 822 3021 mixta,
852 2950 1069 3044 potius
1095 2949 1245 3013 illos
1273 2948 1358 3010 ob
1371 2951 1722 3013 Caesarem
1746 2964 2041 3014 servaret
2059 2947 2375 3034 populus,
2395 2965 2574 3030 quam

607 3051 751 3097 cum
783 3031 914 3093 illis
949 3031 1222 3095 interire
1254 3034 1621 3094 Caesarem‘
1669 3047 1972 3097 ateretur.
2034 3029 2334 3093 Territus
2368 3042 2576 3090 tamen

519 3144 526 3153 =
608 3115 865 3185 Caesar,
910 3135 991 3173 an
1028 3128 1099 3174 ut
1128 3112 1437 3175 invidiam
1468 3133 1593 3176 con
1644 3128 1784 3177 aret
1812 3113 2118 3189 inimicis,
2160 3112 2228 3173 in
2254 3111 2574 3194 reliquum

606 3195 758 3255 anni
787 3209 1040 3278 tempus
1069 3195 1252 3259 curia
1275 3195 1605 3267 abstinuit.
1686 3199 1864 3259 Inter
1900 3195 2061 3258 haec
2096 3194 2320 3256 liberti
2363 3207 2435 3255 et
2469 3191 2574 3253 cli·

611 3289 795 3339 entes
841 3277 1321 3357 conjuratorum
1371 3277 1640 3342 servitia
1686 3292 1761 3341 et¹
1788 3278 2039 3340 faecem
2075 3275 2256 3359 vulgi
2295 3293 2571 3337 commo·

609 3357 842 3421 vehant
863 3401 880 3431 ,
927 3373 996 3421 ut
1035 3360 1099 3421 v'i
1132 3361 1476 3429 Lentulum
1514 3363 1581 3421 et
1615 3370 1874 3423 ceteros
1908 3361 2264 3454 eriperent.
2335 3357 2484 3440 Qua
2511 3373 2571 3417 re

613 3441 907 3524 cognita,
970 3441 1233 3512 consul,
1296 3441 1478 3522 cujus
1528 3441 1926 3526 diligentiam
1981 3439 2146 3505 mhil
2188 3435 2573 3520 effugiebat,

609 3525 801 3586 noctu
830 3522 1215 3618 Capitolium
1242 3521 1586 3606 forumque
1613 3523 1962 3607 praesidiis
1993 3534 2294 3604 occupat:
2336 3521 2359 3581 i
2414 3539 2485 3581 se
2515 3518 2575 3578 in

608 3602 802 3667 domo
838 3603 1165 3682 cujusdam
1198 3604 1389 3665 amici
1417 3607 1783 3687 praesentia
1815 3604 2128 3667 insomnis
2160 3622 2232 3663 ac
2258 3603 2356 3664 sol
2390 3601 2589 3665 icitus.

606 3686 817 3746 animo
867 3686 1186 3750 volvebat.
1272 3690 1430 3761 Nam
1469 3707 1646 3748 suam
1684 3685 1939 3750 domum
1976 3687 2220 3748 intrare
2254 3685 2377 3746 rel‘
2431 3684 2575 3745 ione

604 3768 969 3829 vetabatur:
1015 3767 1190 3852 quod
1222 3766 1316 3828 ibi
1350 3782 1486 3829 tum
1513 3770 1819 3833 Terentia
1854 3788 2020 3829 uxor
2052 3788 2197 3830 cum
2217 3704 2574 3832 Vestlfiibus

608 3867 859 3909 sacrum
887 3851 1111 3934 Bonae
1137 3850 1316 3910 Deae
1346 3849 1739 3913 celebrabat.
1819 3850 2093 3913 Detecta
2134 3845 2573 3929 conjuratione

287 3426 552 3482 Ciceronis

251 3498 587 3554 sollicitudo·

672 4012 1102 4093 cap.ch111.
1143 4022 1296 4078 Dio:
1320 4020 1472 4077 Plut.
1512 4021 1680 4077 Caes.
1720 4022 1966 4078 Sueton.
2002 4021 2172 4077 Caesa
2206 4037 2260 4073 c.
2292 4019 2372 4076 13.
2414 4019 2563 4072 PIut.

606 4086 849 4143 Sueton.
922 4090 1070 4161 Cap.
1101 4091 1297 4147 XCIX.
1337 4092 1558 4147 Sallust.
1593 4091 1749 4147 Plut.
1783 4101 1840 4145 et
1870 4090 2108 4145 Sueton.
2145 4089 2297 4146 Plut.
2332 4088 2560 4143 Cicero.

606 4156 850 4212 Sueten.
887 4159 1111 4214 Sallust.
1140 4169 1196 4217 et
1221 4161 1358 4216 Dio.
1391 4162 1545 4217 Plut.
1585 4158 1778 4215 Cicer.
1814 4159 1953 4215 Dio.
1993 4159 2143 4214 Plut.
2349 4173 2355 4179 ·
