2717 4667
275 432 346 490 U.
379 449 432 489 c.
450 448 580 503 7⁰⁰·

145 452 156 459 d
265 500 339 559 Δ.
368 501 440 561 C.
467 505 559 563 5⁸.

600 222 726 305 (ηε
745 200 768 310 '2
809 218 1213 287 FnEmsn.
1238 178 2076 316 snrrmnnnronun
2096 214 2247 278 ω.
2268 215 2529 281 Lxxn.

606 431 819 497 scriba
857 428 1058 503 duce,
1123 426 1237 514 qui
1277 425 1635 511 praecipue
1674 425 1975 489 Clodiani
2013 426 2261 490 furoris
2306 428 2589 525 signifer

604 530 866 597 semper
897 511 1149 583 fuerat,
1213 528 1458 595 corpus
1498 505 1786 570 infertur
1823 508 1896 571 in
1933 509 2181 572 curiam
2211 508 2587 584 Hostiliam,

598 585 1052 678 neglectisque
1091 592 1396 659 funerum
1435 589 1672 653 ritibus
1692 632 1709 664 ‚
1772 592 1917 653 sine
1955 592 2384 677 imaginibus,
2446 593 2591 654 sine

597 691 822 751 cantu,
867 676 1011 739 sine
1043 674 1418 760 exsequiis,
1459 691 1629 755 rogo
1666 693 1747 734 ex
1782 674 2151 748 subselliis,
2201 688 2267 737 et
2294 675 2591 737 tribuna-

594 760 804 832 libus,
868 771 936 820 et
984 757 1271 830 mensis,
1332 766 1402 820 et
1436 754 1776 819 codicibus
1821 755 2242 821 librariorum
2277 756 2592 855 congesto

475 842 480 846 ’
594 853 1069 907 concrematur.
1152 840 1301 902 Hoc
1334 838 1491 921 igne
1528 850 1595 900 et
1624 835 1809 900 curia
1843 837 2058 900 hausta
2096 836 2221 913 est,
2265 852 2338 901 et
2368 859 2591 902 vicina

490 991 497 1005 Ι
592 924 845 1022 aliquot
876 919 1174 995 aedificia
1200 920 1624 1009 privatorum.
1677 918 2175 1004 comprehendit
2206 922 2407 984 etiam
2425 923 2592 984 Por-

285 1209 538 1266 Incero-ex

219 1277 571 1354 MAEuns.

591 1027 760 1153 aiam
800 1000 1173 1097 basilicam,
1232 1024 1426 1091 quam
1469 1020 1708 1066 censor
1741 1003 1901 1066 Cato
1944 1003 2066 1068 sub
2104 1003 2290 1066 curia
2329 1004 2404 1066 in
2441 1003 2594 1067 foro

645 1101 928 1152 ruxerat.
1803 1110 1808 1123 κ

715 1196 946 1259 XXIII.
1008 1193 1159 1257 Hoc
1203 1192 1485 1256 tumultu
1524 1189 1786 1256 excitati
1814 1192 2048 1256 Patres
2091 1192 2209 1256 sub
2241 1213 2595 1279 vesperam

595 1277 889 1359 ejusdem
926 1275 1061 1339 diei
1095 1276 1165 1339 in
1193 1274 1447 1337 Palatio
1479 1287 1950 1347 convenerunt,
1995 1290 2351 1360 creatoque
2384 1275 2596 1339 inter-

591 1380 754 1445 rege
787 1365 877 1423 Μ.
907 1357 1188 1447 Lepide,
1234 1355 1335 1420 illi
1368 1355 1782 1441 tribunisque
1817 1372 1884 1419 et
1901 1356 2245 1442 Pompej0,
2288 1357 2409 1443 qui
2439 1378 2596 1442 pro-
2700 1354 2701 1365 ¹

593 1442 827 1507 consul
872 1443 952 1506 ad
1002 1440 1235 1504 urbem
1282 1452 1459 1513 erat,
1527 1459 1746 1502 curam
1792 1440 2199 1527 reipublicae
2241 1439 2598 1503 mandave-

589 1539 764 1589 runt.
863 1524 998 1591 Sed
1037 1521 1353 1586 Clodiana
1400 1520 1747 1601 multitudo
1800 1521 1881 1584 ad
1931 1543 1971 1584 o
2019 1522 2435 1607 pugnandam
2487 1523 2597 1585 ab·

592 1607 800 1672 sentis
837 1605 1108 1673 Milonis
1152 1604 1414 1667 domum
1456 1605 1750 1668 cucurrit
1789 1618 1935 1667 cum
2002 1596 2248 1669 acibus.
2325 1604 2453 1669 sed
2499 1627 2594 1667 sa·
2702 1644 2703 1683 3

588 1686 775 1774 gittis
809 1690 1073 1790 repulsa
1101 1688 1343 1761 fasces,
1388 1707 1470 1751 ex
1501 1687 1677 1750 lecto
1699 1687 2029 1752 Libitinae
2058 1700 2311 1784 raptos,
2357 1687 2447 1750 ad
2481 1687 2599 1750 do·
2702 1694 2703 1715 ³

587 1793 764 1836 mum
792 1771 1128 1860 Scipionis
1158 1783 1226 1835 et
1250 1769 1563 1855 Hypsaei,
1595 1782 1939 1855 tamquam,
1975 1771 2230 1834 Milone
2261 1769 2393 1852 jam
2420 1791 2599 1833 amo-

586 1867 695 1927 to,
756 1869 1092 1920 certorum
1129 1852 1505 1928 consulum,
1566 1851 1814 1915 attulit:
1880 1872 2033 1918 mox
2065 1872 2212 1915 cum
2241 1852 2495 1917 iisdem
2529 1853 2597 1915 iu

586 1934 823 2001 hortos
864 1935 1167 2023 profecta
1197 1933 1541 2021 Pompeii,
1581 1931 1779 1999 modo
1816 1934 2081 2017 confidem
2111 1935 2296 1999 illum
2318 1976 2339 2011 ,
2397 1934 2593 1999 modo

521 2038 526 2047 ·
590 2018 915 2079 dictatorem
952 2015 1349 2101 inclamavit.
1430 2054 1438 2069 ·

210 2126 571 2255 amman

712 2123 948 2190 xxtv.
1002 2122 1253 2187 Eadem
1294 2134 1492 2202 nocte
1531 2121 1732 2198 Milo,
1798 2124 1917 2211 qui
1967 2122 2312 2209 profectus
2362 2081 2441 2185 in
2486 2144 2589 2186 vo-

589 2204 940 2269 luntarium
976 2204 1283 2270 exsilium
1310 2205 1678 2301 putabatur,
1722 2203 1955 2292 fidenti
1987 2205 2200 2268 animo
2220 2205 2448 2301 ‚rediit
2466 2210 2593 2269 Ilo-

587 2308 790 2350 mame
853 2279 1068 2374 quod,
1128 2285 1409 2358 audit1s,
1454 2306 1619 2372 quae
1653 2288 2068 2361 acciderant,
2114 2307 2435 2369 majorem
2472 2289 2595 2352 ini-

586 2369 946 2453 micorum,
995 2390 1186 2456 quam
1206 2382 1410 2443 suam,
1440 2369 1753 2439 invidiam
1779 2371 1930 2434 fore
1956 2370 2278 2455 sperabat.
2341 2374 2605 2456 Itaque,⁸

583 2473 720 2517 non
750 2452 1019 2536 segnius
1039 2495 1058 2525 ‚
1079 2508 1082 2515 .
1104 2471 1296 2539 quam
1330 2464 1556 2525 antea,
1603 2453 2007 2517 consulatum
2039 2466 2274 2537 petens
2296 2495 2315 2527 ,
2412 2455 2596 2538 ropi-

583 2532 845 2599 tiandae
883 2533 1319 2597 multitudinis
1356 2534 1566 2598 cauffa
1608 2534 1907 2597 tributim
1948 2534 2048 2596 sin
2099 2535 2201 2596 ula
2239 2534 2356 2595 mil
2384 2535 2453 2596 ia
2497 2557 2597 2597 as-

591 2619 762 2681 sium
787 2617 1035 2702 populo
1061 2614 1264 2680 dedit.
1351 2613 1562 2713 Igitur
1591 2609 1703 2679 Sci
1752 2617 1928 2706 ionis
1964 2630 2032 2679 et
2115 2618 2337 2700 ypsaei
2363 2616 2595 2691 factio,

557 2714 664 2762 *ut
695 2698 950 2762 recenti
988 2697 1199 2761 adhuc
1231 2696 1505 2760 Milonis
1549 2636 1798 2760 invidia
1833 2712 2210 2770 uterentur,
2270 2719 2309 2761 a
2337 2703 2433 2760 M.
2467 2699 2601 2761 Ae-

587 2780 776 2844 milio
800 2782 896 2842 Le
946 2778 1081 2854 ido,
1124 2778 1240 2866 qui
1270 2792 1412 2844 erat
1444 2779 1738 2843 interrex
1767 2780 2092 2865 proditus,
2134 2780 2366 2842 baberi
2386 2781 2601 2843 comi-

589 2862 681 2925 tia
717 2803 1091 2948 postulabat.
1174 2860 1251 2925 ld
1286 2881 1486 2946 quum
1520 2862 1842 2926 facturum
1875 2883 1948 2925 se
1971 2861 2262 2947 Lepidus
2290 2876 2600 2945 negaret,

593 2945 752 3024 (nec
786 2944 978 3006 enim.
996 2942 1203 3005 moris
1233 2955 1412 3019 erat,
1454 2964 1580 3030 per
1611 2943 1894 3028 primum
1924 2946 2329 3029 interregem
2359 2944 2598 3008 haberi

593 3025 888 3113 comitia)
938 3025 1166 3088 domus
1209 3025 1351 3106 ejus
1388 3045 1513 3109 per
1554 3044 1783 3088 omnes
1821 3025 2185 3124 interregni
2227 3027 2373 3088 dies
2417 3027 2600 3105 (sue-

589 3122 747 3171 runt
784 3112 1012 3169 autem'
1035 3128 1115 3169 ex
1141 3127 1328 3169 more
1357 3107 1679 3204 quinque)
1716 3108 2196 3172 a-multitudme
2235 3108 2497 3172 obsess'a
2535 3122 2602 3172 et

431 3277 437 3284 .
532 3258 536 3263 ,
592 3203 965 3288 oppugnata
1009 3186 1133 3262 est,
1177 3191 1365 3270 janua
1397 3209 1466 3252 vi
1501 3210 1581 3253 ex
1616 3203 1900 3285 ‘ugnata,
1942 3191 2235 3271 dejectae
2272 3190 2601 3271 majorum

589 3538 671 3580 su

521 3600 524 3603 ’
590 3596 684 3661 flu

593 3292 913 3334 tmaomes
935 3314 950 3345 ,
999 3283 1066 3333 et
1103 3270 1328 3333 uxoris
1364 3271 1582 3334 Corne
1613 3291 1716 3334 tae
1741 3314 1760 3346 ,
1818 3272 1999 3353 cujus
2038 3270 2283 3336 castitas
2316 3294 2448 3357 pro
2486 3294 2599 3336 ex·

593 3319 812 3439 emp³lo
867 3354 1084 3415 habita
1141 3351 1260 3428 est,
1328 3354 1611 3416 lectulus
1662 3353 1935 3416 fractus.
2035 3356 2269 3418 Actum
2321 3369 2473 3418 erat
2518 3354 2604 3417 de

589 3434 888 3520 Lepido,
958 3435 1015 3498 si
1071 3449 1321 3498 tantum
1379 3434 1459 3497 ab
1518 3436 1668 3497 unis
1721 3436 2018 3532 partibus
2077 3451 2600 3534 oppugnaretur.

720 3516 976 3581 ervenit
1003 3518 1270 3581 Milonis
1311 3538 1538 3579 manus
1560 3561 1577 3593 ‚
1638 3532 1705 3581 et
1737 3539 1881 3603 ipsa
1912 3516 2445 3593 haberi-comitia
2477 3539 2602 3604 po-

672 3541 848 3662 lans.
924 3600 1014 3661 ita
1049 3599 1209 3666 licet
1249 3599 1538 3662 eamdem
1581 3619 1723 3661 rem
1764 3620 1989 3661 omnes
2026 3598 2440 3689 flagitarent,
2506 3614 2604 3663 ta-

588 3701 742 3743 men
778 3681 997 3744 omiss'a
1033 3679 1161 3755 est,
1208 3680 1551 3744 conversis
1587 3681 1666 3743 ab
1704 3682 2063 3766 interregis
2105 3683 2602 3768 oppugnatione

591 3761 676 3824 ad
710 3777 1024 3827 consueta
1058 3764 1409 3828 certamina
1445 3762 1732 3826 inimicis
1765 3762 2184 3828 factionibus.

667 3911 1031 4046 Gazgxxll.
1077 3919 1220 3975 Dio.
1267 3919 1400 3977 Cic.
1472 3938 1544 3977 ro
1567 3920 1699 3979 Mil.
1730 3941 1789 3981 c.
1817 3925 1903 3982 13.
1937 3924 2154 4007 Ascon.
2193 3919 2452 4007 ᾼΡρίῳι.
2491 3919 2602 3977 As·

595 4008 732 4115 313:
765 3991 1270 4115 ..¹33?3{.‘’.3⁴.;„.⁶“
1286 4028 1384 4134 23..
1414 3992 2284 4135 x}{.?¹332.‘{‚2t.1*1¹31·.¹3;32
2322 3991 2599 4138 ἷέΐρὲὶῗ

594 4127 735 4186 Dio.
767 4127 988 4191 Ascon.
1022 4129 1241 4184 Asson.
1273 4127 1338 4186 in
1371 4145 1428 4189 c.
1453 4130 1514 4194 ὅ.
1551 4132 1720 4192 Orat.
1750 4146 1869 4209 pro
1895 4131 2027 4191 Mil.
2092 4200 2109 4221 .
