2717 4667
457 265 578 359 442
613 265 630 295 ‘
672 273 1072 380 rumusn.
1110 233 2371 337 scPrLEmENTonumm.1.xw.

152 494 226 551 U.
247 489 441 550 ems·
463 513 594 556 non
625 486 732 552 est.
765 490 954 552 ‘Tum
985 479 1328 545 Cornelius
1370 478 1392 538 i
1443 476 1507 540 se
1546 476 1841 540 codicem
1876 477 2197 543 recitavit.
2256 475 2480 574 Quod‘

146 562 222 620 A·
248 562 318 619 C·
345 562 435 629 ⁶7·
468 593 662 660 quum
700 572 785 632 im
835 567 996 629 robe
1029 561 1179 624 fieri
1213 562 1282 625 C.
1313 561 1394 622 Pi
1421 562 1465 622 'o
1504 560 1724 621 consul
1758 561 2184 624 vehementer
2258 580 2463 624 uere-

467 668 675 725 retur,
717 667 805 714 tri
852 648 1248 727 unitiamque
1280 641 1805 705 interceffionem
1836 643 2090 706 diceret
2118 642 2235 704 sub
2265 658 2458 727 atam,

370 749 391 798 ὲ
470 736 655 821 gravi
703 729 1013 797 convicio¹
1039 750 1074 789 a
1112 726 1354 822 populo
1392 737 1702 807 exceptus
1735 723 1841 789 est.
1924 729 2011 787 Et
2058 746 2252 810 quum
2298 723 2462 787 illos

471 817 729 888 consul,
835 813 901 874 ui
953 809 1082 873 sibi
1124 806 1544 877 intendebant
1581 826 1872 882 manum,
1929 805 2252 892 prehendi
2297 828 2332 866 a
2373 807 2463 870 li-

166 891 267 947 Per
287 904 448 975 quan·
472 914 655 965 „tore
701 897 769 979 ju
823 894 999 966 iss'et‚
1055 889 1247 951 fracti
1307 888 1447 970 ejus
1498 886 1711 950 fasces
1761 890 2012 962 cuncti,
2069 887 2465 973 lapidesque

98 960 331 1018 ‘'md''
354 959 447 1025 f⁶’
474 982 669 1045 etiam
718 998 798 1041 ex
843 976 1067 1036 ultima
1119 970 1434 1032 concione
1486 969 1553 1030 in
1599 971 1940 1054 consulem
1969 970 2137 1051 jacti.
2183 990 2312 1056 quo
2350 984 2465 1032 tu-

98 1048 213 1085 ⁸⁶“
243 1028 413 1096 smn‘
471 1063 676 1127 multu
710 1056 1053 1122 Cornelius
1090 1053 1502 1136 perturbatus
1540 1053 1891 1114 concilium
1927 1052 2191 1116 dimisit.

130 1109 320 1153 untur·

93 1116 130 1171 g
598 1168 824 1229 XLIII.
868 1162 1101 1224 Actum
1132 1156 1370 1220 deinde
1405 1177 1481 1219 ea
1514 1156 1596 1220 de
1632 1179 1705 1220 re
1738 1158 1806 1220 in
1839 1172 2063 1221 senatu
2095 1156 2185 1224 est
2208 1158 2466 1244 magnis

472 1244 1037 1314 contentionibus=
1082 1260 1278 1325 quum
1308 1240 1652 1302 Cornelius
1691 1241 1779 1303 ita
1817 1240 1998 1303 ferre
2036 1261 2263 1303 rursus
2305 1260 2468 1303 coe-

473 1333 605 1420 pit,
669 1352 734 1390 ne
785 1331 904 1409 quis
952 1330 1011 1385 in
1051 1323 1248 1406 senatu
1294 1319 1499 1403 legibus
1532 1320 1843 1403 solveretur
1860 1365 1877 1397 ,
1942 1321 2047 1400 nisi
2088 1324 2303 1383 ducenti
2346 1324 2464 1382 ad-

462 1411 731 1499 jiaiffer113
777 1429 909 1469 neve
948 1410 1067 1487 quis
1086 1446 1104 1478 ‚
1150 1422 1312 1485 quum
1338 1399 1557 1485 solu'tus
1588 1400 1735 1483 estet,
1780 1403 2159 1477 intercederet,
2203 1426 2364 1484 quum
2403 1429 2471 1467 ea

474 1496 546 1556 de
584 1515 646 1554 re
683 1492 757 1552 ad
785 1488 1045 1572 populum
1063 1486 1344 1568 ftrretur.
1430 1485 1610 1546 Haec
1658 1481 1801 1548 sine
1844 1485 2121 1547 tumultu
2173 1499 2310 1548 acta
2346 1508 2472 1551 res

471 1575 584 1641 est.
629 1572 823 1638 nem'o
868 1568 1039 1632 enim
1081 1581 1322 1651 negare
1359 1573 1648 1651 poterat,
1739 1587 1819 1629 ro
1845 1566 2239 1630 ‘auctoritate
2280 1590 2475 1631 sena-

471 1673 579 1722 tus
617 1677 757 1719 eam
793 1654 1006 1736 legem
1050 1649 1213 1720 ess'e,
1281 1669 1469 1731 quam
1507 1667 1685 1746 popu
1713 1671 1788 1710 us
1831 1647 2071 1710 habere
2112 1662 2312 1711 ratam
2349 1671 2476 1714 co-

479 1753 770 1825 geretur.
835 1733 950 1797 sed
985 1748 1199 1793 tamen
1237 1749 1376 1790 eam
1410 1730 1558 1792 tuht
1594 1730 1818 1792 invitis
1856 1749 1893 1790 o
1943 1730 2304 1808 timatibus,
2349 1732 2477 1821 qui

480 1823 587 1885 vel
621 1817 811 1904 pauci
847 1812 1470 1878 senatusconsultum
1509 1812 1732 1874 facere
1769 1811 1907 1873 sole
1956 1824 2083 1873 ant.

110 1950 461 2006 stanuum
602 1924 831 1989 XLIV.
895 1919 1103 1981 Aliam
1144 1916 1381 1979 deinde
1419 1917 1632 2001 legem
1671 1918 2052 1992 Cornelius,
2113 1919 2235 1981 etsi
2273 1938 2478 1982 nemo

97 2020 285 2075 edictis
333 2027 462 2086 per·
487 2024 852 2091 repugnare
890 1998 1074 2062 ausus
1109 1996 1226 2070 est,
1270 2000 1617 2060 multorum
1652 2013 1862 2063 tamen
1899 1997 2142 2063 offensa
2175 2001 2359 2075 tulit,
2410 2021 2483 2063 ut

97 2081 461 2165 pemisjusfit’·
480 2107 791 2172 praetores¹
818 2104 886 2143 ex
937 2081 1127 2141 edictis
1171 2079 1292 2160 suis
1336 2084 1617 2161 perpetuis
1648 2082 1756 2161 -jus
1807 2082 2083 2144 dicerent:
2144 2099 2305 2167 quae
2354 2105 2477 2147 res

103 2158 397 2225 areium·
488 2169 760 2256 gratiam
808 2161 1169 2227 ambitiosis
1219 2162 1671 2245 praetoribuS,
1736 2160 1848 2247 qui
1885 2164 2066 2226 varie
2103 2164 2203 2244 jus
2246 2164 2479 2229 dicere

474 2251 818 2322 solebant,
883 2244 1164 2308 sustulit.
1252 2246 1363 2305 Sic
1417 2244 1587 2305 enim
1641 2247 1872 2307 eodem
1925 2247 2222 2308 omnibus
2265 2248 2479 2311 modo

487 2336 588 2418 jus
622 2330 901 2394 reddere
931 2325 1357 2408 cogebantur,
1407 2321 1560 2387 alias
1605 2325 1851 2413 insigni
1885 2321 2294 2412 nefandoque
2331 2350 2482 2391 sce-

489 2419 669 2487 lere,
716 2425 908 2497 prout
951 2408 1250 2470 favebant
1295 2409 1842 2473 succensebantve
1881 2407 2314 2493 litigantibuS,
2355 2414 2482 2473 ali-

486 2511 592 2561 ter
625 2509 814 2579 atque
851 2487 1040 2553 aliter
1073 2490 1507 2573 pronunciare
1547 2491 1749 2553 soliti.
1807 2489 1985 2552 Alias
2016 2512 2272 2575 quoque
2298 2513 2481 2555 com-

491 2581 717 2664 plures
758 2578 939 2672 leges
978 2573 1320 2633 Cornelius
1364 2572 1833 2656 promulgavit,
1899 2572 2130 2654 quibus
2173 2575 2481 2658 plerique

494 2661 781 2742 collegae
826 2654 1376 2717 intercess'eruntz·
1421 2673 1544 2737 per
1589 2675 1745 2739 quas
1793 2654 2248 2717 contentiones
2297 2669 2481 2720 totus

442 2797 447 2806 .
493 2740 856 2803 tribunatus
899 2736 1038 2817 ejus
1074 2748 1379 2819 peractus
1417 2731 1524 2797 est.

145 2851 475 2943 nephanda-⁴
617 2846 816 2912 XLV.
875 2840 1173 2905 Ambitus
1226 2839 1473 2919 judicio
1524 2839 1851 2926 provisum
1906 2856 2043 2905 erat
2066 2886 2084 2918 ,
2153 2863 2235 2906 ne
2277 2836 2514 2929 vulgo*

89 2935 95 2940 ’
124 2959 239 2996 rum
252 2936 476 3011 legasse·
497 2924 890 3013 magistratus
920 2925 1085 2986 male
1114 2936 1525 3006 caperentur.
1584 2944 1658 2986 ea
1699 2945 1807 2986 res
1844 2925 2145 2998 excitavit
2179 2930 2490 2990 attentio..

127 3026 248 3064 vere
276 3003 473 3063 werel·
498 3032 646 3073 nem
682 3007 1043 3077 hominum,
1085 3017 1156 3065 ut
1197 3004 1424 3077 etiam,
1468 3025 1551 3066 ne
1587 3006 1752 3066 male
1789 3021 2212 3088 gererentur,
2257 3010 2488 3093 exige-

127 3091 234 3136 ne.
499 3105 670 3155 rent.
731 3086 1044 3156 ideosub
1088 3084 1160 3146 id
1205 3099 1457 3170 tempus
1503 3085 1664 3148 adeo
1706 3107 1937 3150 severe
1978 3103 2125 3150 sunt
2156 3092 2487 3156 exerc-itae

500 3169 1003 3257 repetundarum
1053 3167 1275 3249 leges,
1335 3181 1440 3239 ut,
1499 3182 1763 3264 praeter
1810 3168 2153 3233 noxiorum
2193 3192 2485 3257 poenas,

502 3255 697 3318 etiam
758 3248 1230 3313 accusatoribus
1291 3269 1574 3332 praemia
1640 3245 2173 3314 decernerentur.
2270 3255 2491 3320 Carbo

504 3334 839 3422 equidem,
886 3334 971 3392 M.
1000 3330 1184 3392 Cotta
1215 3330 1507 3391 damnato
1527 3371 1545 3404 ,
1575 3331 2126 3414 ‘quemadmodum
2155 3356 2490 3419 exponere

503 3439 627 3504 per
663 3413 1067 3478 occasionem
1105 3412 1593 3508 occupavimus,
1652 3412 1809 3475 licet
1857 3413 2062 3474 adhuc
2107 3416 2492 3483 tribunitius

477 3500 702 3570 'effet,
766 3493 1204 3557 consularibus
1259 3492 1536 3575 insignis
1587 3491 1677 3555 est
1727 3493 2088 3559 decoratus.
2173 3499 2261 3559 At
2311 3499 2496 3562 idem

556 3578 760 3652 ostea,
817 3595 1010 3661 quum
1054 3574 1341 3636 eamdem
1383 3574 1753 3636 obtinuiss'et
1787 3576 2185 3657 Bithyniam,
2242 3599 2320 3639 ex
2362 3602 2496 3664 qua

565 3674 763 3724 ottam
793 3659 1234 3729 damnaverat,
1278 3656 1358 3716 ab
1403 3655 1542 3734 ejus
1584 3654 1759 3728 filio,
1822 3679 1951 3745 quo
1993 3658 2051 3718 is
2089 3659 2194 3722 die
2236 3677 2494 3746 sumpta

509 3741 691 3884 vid-ili
733 3755 901 3834 toga¹
922 3737 1005 3802 de
1035 3738 1354 3824 Capitolio
1391 3735 1841 3817 descenderat,
1899 3738 2143 3822 judicio
2184 3741 2489 3809 adflictus

513 3840 554 3885 e
607 3866 625 3886 .
1508 3863 1515 3870 -

578 4006 728 4079 Cap.
756 4009 929 4062 XLII.
980 4008 1106 4063 Cic.
1140 4008 1201 4061 in
1231 4006 1428 4062 Vatin.
1465 4028 1516 4063 c.
1548 4029 1601 4067 2.
1635 4009 1854 4065 Ascon.
1890 4008 2028 4064 Dio.
2066 4007 2294 4066 Ancon.
2319 4011 2489 4069 Cice.

426 4113 433 4128 ,
511 4092 605 4129 ro.
684 4077 829 4144 Cap.
859 4076 1056 4132 XLIII.
1095 4075 1230 4130 Dio.
1266 4086 1325 4130 et
1351 4078 1569 4134 Ascon.
1652 4079 1796 4151 Cap.
1828 4077 2030 4136 XLIV.
2078 4076 2215 4134 Dio.
2264 4080 2516 4139 Ascon.'

511 4143 657 4216 Cap.
691 4143 861 4201 XLV.
898 4142 1038 4200 Dio.
1076 4143 1209 4203 Vel.
1243 4146 1399 4204 Max.
1430 4147 1485 4215 5,
1523 4148 1603 4216 ¹4·
