2717 4667
568 245 693 313 420
779 233 1182 298 rnmnsn,
1222 230 2059 299 SUPPLEMENTORUM
2086 213 2496 297 nmtxm.

134 507 139 514 ,
232 443 303 499 (J.
340 460 394 497 c.
425 437 552 499 685.
700 442 838 503 XC.
884 443 1061 506 Vere
1103 443 1377 506 demum·
1396 442 1658 505 reddito
1685 488 1701 515 ‚
1759 464 1958 528 quum
1993 442 2094 504 M?
2133 440 2386 502 Acilius
2428 439 2574 504 Gla-

235 515 325 609 A'v‘
349 514 545 593 C·,(37·
580 522 754 595 brio,
802 524 870 587 C.
907 527 1298 609 Calpurnius
1324 526 1478 587 Piso
1515 525 1910 588 consulatum
1943 536 2279 607 gererent,
2321 515 2573 583 Mithri-

201 580 555 704 CMeAlmho,
587 606 768 667 dates
809 604 887 665 ad
926 608 1229 680 Gaziura‚
1270 609 1569 678 “veterem
1600 608 1795 670 Ponti
1828 628 1903 670 re
1949 609 2098 680 iam,
2147 603 2366 666 castris
2395 603 2573 663 Tria-

199 686 302 771 nio
334 667 538 773 {Jffir'
584 688 686 748 r-io
740 689 1065 771 oppositis
1093 732 1110 763 ,
1176 693 1505 751 Romanos
1545 685 1845 772 ‘pugnarn
1947 701 2382 758 etrectantesm
2448 699 2574 748 tum

202 787 557 839 Mithridates
581 770 729 830 aliis
771 769 1006 843 rebus,
1050 786 1187 833 tum
1220 772 1291 832 in
1329 771 1682 855 conspectu
1726 791 1955 834 eorum
1998 767 2370 833 exercendo
2405 787 2571 840 suos»,

85 873 91 878 ·
181 857 372 936 it‘erung
391 856 557 937 tqces-
581 851 1021 932 provocabat:
1059 875 1219 940 quo,
1263 855 1642 938 priusquam
1669 854 1981 916 Lucullus
2012 854 2417 923 adventaret,
2455 848 2572 923 hiS,

180 923 555 977 sarnanum.
581 933 675 1075 Rti
721 935 1059 1079 sperabaltf
1131 935 1455 1020 superatis
1478 978 1495 1010 ,
1545 936 1852 1019 recipere
1887 955 2162 1020 regnum
2199 946 2397 1017 atque
2430 951 2573 996 cou-

634 1028 847 1077 1tuere
892 1038 978 1099 po
1036 1031 1122 1080 et.

241 1159 318 1211 Et
342 1157 563 1226 ‘gnum
707 1140 875 1200 XCI.
922 1131 1182 1223 Quietis
1230 1140 1311 1203 ad
1351 1141 1513 1205 baec
1551 1140 1902 1215 Romanis,
1961 1133 2215 1225 part'em
2250 1140 2577 1225 copiarum

205 1229 279 1282 ad
323 1233 559 1299 pugnam
587 1218 669 1280 ad
706 1223 1136 1305 oppugnanda
1168 1222 1422 1286 Dadasa
1458 1224 1674 1299 misit,
1734 1244 1865 1309 quo
1901 1223 1970 1284 in
2006 1221 2264 1285 castello
2305 1222 2574 1306 impedi-

171 1371 177 1376 ,
206 1298 411 1352 attuit.
584 1313 800 1364 menta
842 1306 1173 1367 exercitus
1216 1306 1464 1370 sciebat
1499 1306 1886 1380 'adsta-vari.-
1924 1306 2107 1367 Haec
2135 1306 2198 1366 ei
2229 1304 2403 1366 ratio
2432 1324 2577 1388 pro-

394 1395 405 1402 ’
586 1386 805 1458 ceint,
859 1386 1268 1472 invitumque
1309 1388 1542 1450 ducem
1585 1394 1704 1450 coe
1753 1401 1947 1450 erunt
1978 1387 2222 1449 milites
2260 1386 2483 1458 exire,
2523 1387 2577 1445 ni

568 1468 812 1551 jaceret,
858 1468 1065 1548 injussu
1107 1473 1228 1550 ejus
1270 1471 1343 1531 ad
1372 1470 1480 1553 sua
1520 1471 1588 1530 de
1617 1409 1865 1531 cufi-uda
1902 1474 2084 1529 ituros
2119 1469 2369 1530 minati.
2428 1467 2573 1540 Alii,

584 1569 716 1634 quo
762 1553 1281 1613 ante-Lucullum
1317 1573 1465 1614 cum
1499 1573 1659 1636 rege
1695 1548 2119 1634 confligeret,
2177 1551 2575 1636 gloriamque

543 1644 953 1715 'reportaret
990 1633 1346 1708 victoriae,
1415 1632 1733 1697 festinass'e
1772 1634 2106 1696 Triarium
2148 1632 2572 1695 tradiderunt.

577 1712 727 1793 Quo
775 1727 991 1776 tamen
1041 1715 1305 1777 falleret
1353 1716 1639 1790 hostem,
1698 1737 1822 1801 per
1851 1715 2165 1777 tenebras
2203 1714 2570 1798 profectus,

573 1793 831 1880 jamque
879 1794 1137 1859 castello
1182 1798 1750 1896 adpropinquans,
1809 1798 1878 1858 in
1918 1797 2223 1860 excubias
2264 1796 2450 1879 regis
2485 1794 2572 1857 in-

577 1877 776 1951 cidit,
879 1879 1050 1939 aullo
1091 1879 1351 1963 longius
1387 1881 1679 1944 millibus
1715 1880 2002 1964 pass'uum
2040 1880 2253 1941 tribus
2285 1881 2368 1940 ab
2399 1898 2481 1962 op
2525 1877 2570 1936 i-

577 1957 662 2020 do
700 1959 817 2021 Zie
848 1982 916 2033 a,
992 1960 1165 2043 quod
1211 1962 1569 2045 antiquitus
1610 1961 2037 2025 Persicorum
2070 1963 2370 2023 Deorum
2412 1980 2489 2022 cu
2513 1973 2569 2021 tu

582 2039 887 2114 celebre,
950 2041 1027 2102 ab
1065 2042 1177 2103 illa
1214 2041 1399 2104 clade
1436 2045 1681 2107 Triarii
1718 2064 2014 2129 magnam
2053 2043 2373 2127 deinceps
2407 2041 2473 2108 in
2504 2041 2569 2104 il-

581 2123 668 2185 lis
717 2123 1014 2208 partibus
1056 2123 1465 2188 nobilitatem
1512 2126 1762 2190 habuit.
2357 2135 2364 2144 ‘

202 2268 509 2345 mmfftquu
707 2250 900 2313 XCII.
964 2250 1121 2311 Cum
1177 2250 1281 2313 his
1333 2264 1736 2314 contractum
1790 2264 1940 2314 ante
1985 2250 2203 2312 lucem
2254 2262 2559 2311 certamen
2669 2227 2670 2272 ³

580 2347 780 2414 quum
809 2344 1011 2392 totam
1030 2329 1622 2395 Mithridaticarum
1651 2334 1892 2396 virium
1921 2333 2159 2394 molem
2194 2331 2565 2405 attraxiss'et5

581 2412 997 2475 multitudine
1039 2415 1501 2490 barbarorum,
1559 2430 1626 2479 et
1660 2417 1916 2477 initium
1951 2412 2267 2479 victoriae
2303 2413 2566 2476 faciente

571 2505 779 2578 rege,
843 2495 1290 2560 circumventa
1333 2500 1776 2561 Romanorum
1834 2497 2013 2559 acies
2068 2494 2197 2570 est,
2265 2497 2567 2578 multique
2663 2525 2665 2536 >

571 2577 643 2638 in
687 2577 836 2640 loco
877 2578 1256 2648 interfecti:
1303 2580 1586 2654 multos,
1632 2601 1830 2664 quum
1871 2579 1940 2642 in
1983 2598 2244 2662 campos
2291 2598 2364 2639 se
2400 2596 2567 2638 rece·
2661 2633 2662 2640 ,

571 2659 847 2741 piss'ent,
889 2662 1105 2745 ignari
1149 2659 1439 2724 fluminis
1482 2676 1733 2747 partem
1765 2661 1935 2742 (Iris
1972 2679 2095 2744 per
2133 2681 2208 2721 ea
2241 2660 2392 2722 loca
2425 2657 2568 2720 labi-

570 2741 711 2818 tur)
764 2742 830 2802 in
888 2764 1004 2807 eos
1053 2742 1414 2807 derivatam
1460 2741 1626 2819 effe,
1690 2744 2067 2829 compulsos
2121 2743 2189 2803 in
2233 2760 2568 2804 coenosam

568 2821 831 2898 foss'am,
893 2826 1046 2911 quia
1104 2847 1271 2910 repu
1319 2848 1479 2889 nare
1536 2827 1941 2911 lapsantibus
1998 2821 2294 2909 vestigiis
2350 2822 2567 2909 nequi·

573 2902 766 2978 bant,
812 2907 1078 2993 impune
1118 2912 1260 2972 ceci
1311 2910 1364 2971 it
1400 2908 1622 2972 hostis.
2653 2917 2656 2924 ’

178 2994 551 3121 χεώιρημνι
693 3014 918 3076 XCIII.
963 3020 1103 3078 Nec
1144 3008 1472 3100 effugiss’et
1503 2999 1865 3101 quisqufin,
1910 3014 2040 3076 nisi
2077 3012 2567 3098 persequentem
2653 3011 2654 3016 ’

184 3118 430 3190 fmus„
466 3138 528 3170 a..
573 3095 832 3178 equites
867 3097 1316 3160 Mithridatem
1365 3099 1664 3161 centurio
1695 3101 2024 3159 Romanus
2069 3095 2273 3157 atroci
2305 3095 2564 3156 vulnere
2649 3107 2652 3114 ⁴

183 3188 544 3241 nocuerunt-
571 3177 637 3236 in
696 3176 913 3239 femur
964 3179 1191 3241 adacto
1244 3179 1513 3244 stitiss'et.
1614 3179 2022 3262 Transfugae
2074 3179 2354 3239 Romani
2411 3173 2565 3274 apud

187 3266 435 3322 mnu&
570 3278 801 3343 regem
832 3261 1020 3322 multi
1057 3277 1262 3324 erant.
1310 3283 1392 3325 ex
1423 3283 1505 3326 eo
1539 3282 1783 3347 genere
1814 3261 1988 3323 hunc
2026 3261 2218 3323 etiam
2252 3261 2405 3334 effe,
2439 3278 2563 3340 Jux-
2645 3305 2648 3328 ἶ

561 3355 628 3404 ta
675 3361 915 3426 equum
961 3363 1145 3405 suum
1184 3344 1298 3405 diu
1336 3359 1710 3408 currentem
1746 3345 2164 3427 conspicatus
2190 3386 2207 3415 ‚
2274 3339 2561 3406 credide-

550 3436 697 3505 rat:
740 3423 983 3487 deinde
1022 3447 1094 3488 se
1128 3427 1528 3509 praebuerat
1557 3442 1880 3511 tamquam
1923 3425 2148 3487 dicere
2182 3424 2431 3509 aliquid
2463 3442 2561 3483 cu-

556 3505 793 3590 pienti.
877 3510 1229 3571 Percuss'or
1277 3531 1314 3572 e
1354 3508 1628 3593 vestigio
1674 3506 1983 3570 concisus
2031 3505 2120 3568 est
2159 3528 2194 3566 a
2230 3504 2558 3591 proximis.

553 3592 808 3671 Regem
836 3589 903 3650 in
935 3604 1298 3654 extremum
1326 3611 1560 3676 agmen
1589 3591 1778 3652 amici
1811 3602 2233 3687 receperunt,
2281 3588 2559 3671 signum-

554 3690 686 3770 que
726 3671 1054 3736 dederunt
1089 3676 1413 3759 receptui.
1500 3673 1794 3747 Milites,
1855 3669 2071 3737 subita
2111 3690 2194 3736 re
2228 3667 2560 3754 perturba·-

556 3753 642 3827 ὲι,
692 3752 1026 3841 postquam
1058 3757 1469 3821 vulneratum
1503 3757 1635 3824 effe
1669 3774 1897 3840 regem
1930 3751 2277 3816 audieruut
2299 3794 2317 3826 ‚
2361 3750 2555 3812 inter-

627 3945 778 4018 Cap.
807 3945 929 4028 XQ.
987 3945 1228 4030 Strabo,
1262 3946 1306 4000 l.
1335 3963 1416 4001 η.
1452 3964 1516 4020 p.
1547 3945 1670 4015 547.
1716 3945 1855 4000 Dio.
1934 3942 2016 3999 Ca
2066 3983 2080 3998 .
2115 3941 2268 3998 XCI.
2306 3938 2549 4014 Appim·

554 4015 711 4097 PIut.
750 4013 1008 4087 Appian.
1049 4018 1205 4070 flu-t.
1247 4014 1319 4099 de
1347 4017 1418 4070 B.
1469 4015 1633 4069 AleX.
1671 4032 1720 4069 c.
1747 4032 1836 4080 7².
1875 4012 2008 4069 Stra
2060 4029 2117 4079 o,
2151 4011 2193 4065 l.
2221 4027 2318 4093 ιε..
2339 4028 2402 4083 p.
2431 4010 2547 4131 553·

555 4086 950 4224 {33:1181‘1131
980 4085 1344 4227 {3513ssss
1369 4083 1845 4229 arma?-
1883 4100 1946 4156 Ρ·
1981 4083 2107 4143 556·
2145 4091 2203 4135 ‘²‘
2235 4080 2381 4134 ⁹¹¹⁰·
2415 4083 2469 4146 ⁶²
2533 4109 2546 4124 ·
