2717 4667
522 214 615 277 m
656 210 961 277 Loctm
1003 210 1167 275 Lm.
1221 209 1544 274 Lxxxn.
1584 208 1813 279 mvn.
2071 210 2189 294 ιε,

186 348 406 368 -q—

169 439 246 480 na
279 418 411 500 jam
456 417 888 504 prosperiore
927 418 1065 492 usi,
1111 418 1181 480 in
1210 418 1580 502 Bithyniam
1616 415 1697 478 ad
1726 415 2039 514 oppidum
2066 417 2182 481 Ni·
2241 419 2527 490 naas.

166 521 383 564 caeam
417 513 900 585 pervenerunt.
982 501 1237 563 Eodem
1275 522 1422 564 cum
1456 503 1564 575 iis,
1612 519 1779 585 quos
1815 499 1953 583 ipse
1987 499 2183 566 duce-
2243 487 2513 572 &020⁶-

171 583 305 657 bat,
352 585 431 646 C.
482 583 782 647 Fimbria
825 585 1079 667 legatus
1128 583 1410 648 acceffit.
1511 586 1673 645 Erat
1709 582 1817 650 hic
1855 595 2185 656 extremae

182 663 483 728 audaciae
525 668 762 739 homo,
826 667 1074 729 consuli
1110 666 1346 749 ignavo
1386 678 1453 728 et
1490 664 1593 727 rei
1629 664 1935 728 militaris
1976 664 2184 749 impe·

185 746 302 809 rito
337 748 611 830 adjutor
641 748 849 812 datus.
916 749 1031 824 sed
1069 770 1144 812 ea
1181 769 1291 810 res
1328 748 1672 832 utriusque
1706 745 1891 822 vitiis
1937 746 2067 808 cito
2113 746 2185 808 in

187 847 518 892 commune
582 830 854 892 exitium
903 832 1125 892 vertit.
1211 831 1498 895 Pravum
1541 828 1879 913 ingenium
1927 827 2183 890 consuli

185 926 359 985 erat,
391 934 666 974 avarum
687 956 704 986 ,
755 927 823 974 et
855 912 937 974 ad
971 913 1291 998 supplicia
1317 932 1674 997 praeceps:
1717 908 1955 995 quibus
1983 909 2181 972 rebus

178 992 643 1057 benevolentia
679 996 957 1058 militum
984 995 1157 1056 haud
1193 1015 1347 1059 sane
1378 994 1726 1057 retinetur.
1779 996 1960 1075 Ergo
1991 1012 2184 1078 prae-

179 1077 349 1138 mifl'a
389 1099 551 1160 pars
582 1096 811 1138 eorum
838 1077 910 1138 in
928 1077 1308 1141 Thess'aliam
1327 1119 1344 1152 ‚
1395 1077 1465 1138 in
1492 1076 1711 1138 Sullae
1740 1071 1935 1135 castra
1971 1089 2184 1135 trans-

180 1157 286 1219 iit:
330 1160 589 1233 ceteri,
633 1179 720 1221 ne
760 1155 1163 1240 deficerent,
1202 1179 1408 1243 ¹aegre
1443 1180 1480 1220 a
1514 1163 1584 1221 C.
1615 1147 1906 1219 Fimbria
1939 1155 2185 1224 retenti

182 1254 346 1301 sunt.
412 1241 616 1306 Hunc
653 1242 829 1303 enim
868 1241 953 1302 ob
988 1242 1464 1311 simulationem
1505 1239 1767 1304 virtutis
1802 1250 1869 1299 et
1896 1238 2186 1321 aequita-

180 1321 260 1383 tis
301 1324 642 1386 exercitus
682 1322 1047 1407 diligebatf,
1078 1325 1252 1411 quod
1288 1326 1347 1387 is
1391 1335 1832 1407 contemptum
1867 1319 2188 1404 pecuniae

181 1404 640 1486 praeferebat3
689 1425 886 1489 quum
908 1406 1182 1470 Flaccus
1214 1403 1601 1491 inexplebili
1633 1399 2013 1487 cupiditate,
2055 1421 2188 1462 non

187 1501 530 1549 contentus
585 1501 806 1549 cetera
845 1488 913 1549 in
951 1488 1164 1550 sinum
1199 1511 1389 1551 suum
1425 1483 1750 1558 condere,
1831 1484 2025 1546 etiam
2076 1503 2190 1543 an-

185 1588 409 1630 nonam
451 1565 779 1644 militum,
836 1568 1251 1659 praedaeque
1287 1572 1423 1647 illis
1459 1567 1744 1631 debitam
1781 1579 2074 1651 partem,
2118 1566 2189 1627 in

188 1648 430 1713 lucrum
478 1665 926 1744 convctteret.
968 1707 973 1714 .

294 1759 555 1834 LVII}n
607 1758 712 1820 Ab
767 1758 875 1821 his
926 1758 1140 1822 initiis
1193 1758 1459 1822 aversus
1512 1780 1549 1821 a
1591 1757 1881 1822 Fimbria
1929 1754 2186 1830 consul,
2241 1746 2573 1833 &zm-³1⁸·

191 1858 369 1921 quum
407 1860 639 1925 neque
680 1840 878 1904 dietis
922 1861 1139 1925 neque
1175 1841 1368 1905 factis
1406 1840 1898 1912 contumeliosis
1937 1842 2005 1903 in
2043 1859 2193 1903 eum
2214 1819 2421 1900 mam?

196 1920 579 1997 abstineret,
646 1921 970 1986 irritabile
1013 1923 1299 1988 hominis
1343 1923 1716 2009 ingenium,
1773 1937 1840 1986 et
1878 1923 1961 1987 ad
1995 1920 2189 1984 auda·

196 2003 341 2063 ciam
376 2025 656 2090 semper
692 2004 1265 2088 projectiffmmm,
1323 2005 1677 2070 vecordiae
1712 2005 2190 2068 contumaciae-

191 2087 670 2171 queimplevit.
753 2090 851 2149 Ea
877 2089 1214 2151 contentio
1240 2086 1390 2167 jam,
1438 2108 1518 2152 ex
1548 2108 1679 2187 quo
1706 2088 2001 2169 Byzantii
2030 2106 2188 2154 con-

184 2181 536 2242 venerant,
586 2191 665 2232 se
708 2170 1036 2232 exseruit:
1078 2170 1515 2256 Flaccumque
1556 2192 1627 2234 tn
1661 2168 1893 2242 urbem
1928 2171 2188 2253 ingres.-

182 2266 317 2312 sum
364 2251 758 2315 criminatus
782 2250 1083 2324 ‚Fimbria
1115 2247 1204 2315 est
1224 2293 1242 2328 ‚
1287 2253 1523 2329 milites,
1568 2255 1834 2314 hiemante
1861 2253 2001 2316 coelo
2020 2293 2037 2327 ,
2084 2271 2185 2312 ex-

158 2347 269 2389 .tra
299 2337 517 2392 mantia
552 2335 690 2395 viles
727 2352 1152 2416 contemptoque
1184 2335 1408 2406 madere
1424 2357 1442 2394 .·
1484 2335 1733 2396 Flaccum
1759 2337 2013 2414 pecurtias
2026 2375 2044 2408 ,
2083 2350 2196 2413 per·

174 2413 444 2492 injuriam
479 2420 759 2478 exercitus
788 2431 982 2496 partas
1001 2458 1020 2489 ‚
1079 2415 1219 2478 luxu
1260 2436 1318 2475 et
1360 2416 1570 2478 deliciis
1615 2421 1769 2476 intra
1818 2435 1957 2475 tecta
1998 2413 2187 2494 consu-

175 2512 339 2556 mere.
428 2498 845 2582 Tantumque
881 2495 1229 2561 seditionis
1258 2511 1652 2561 commotum
1678 2494 1798 2569 est,
1844 2508 1914 2558 ut
1942 2496 2189 2557 milites

178 2572 240 2635 in
281 2576 630 2643 urbemxi
672 2581 880 2641 irrum
930 2593 1118 2642 erent
1139 2622 1173 2656 ,,
1219 2590 1322 2653 et,
1380 2580 1595 2642 obviis
1640 2576 2033 2677 quibusdam
2069 2577 2188 2639 ob·

178 2660 540 2735 truncatis,
627 2682 748 2724 suo
803 2681 876 2721 ar
923 2661 1081 2723 itrio
1140 2681 1266 2746 per
1320 2661 1552 2726 domos
1609 2660 2187 2723 distribuerentur.

184 2738 349 2813 Sed,
395 2738 509 2803 his
548 2755 898 2841 utcumque
938 2744 1350 2828 compositis,
1394 2744 1463 2806 in
1503 2744 1779 2806 alterum
1815 2763 2051 2806 annum
2084 2739 2187 2802 di-

181 2817 297 2883 lata
338 2820 435 2888 est
472 2823 758 2902 sediti03
826 2885 829 2886 γ
870 2844 988 2887 uae
1033 2825 1317 2892 delatum
1351 2826 1736 2892 auctoritate
1771 2839 2033 2888 senatus
2066 2824 2189 2884 im-

223 2905 437 3047 eaiium
491 2905 731 2971 Flacco
788 2928 823 2968 a
870 2907 1028 2971 emit
1049 2949 1070 2983 ‚
1143 2920 1373 2972 senatu
1428 2910 1801 2972 inconsulto
1850 2905 2184 2972 Fimbriae

227 3005 259 3047 e
336 2999 387 3048 t.
639 3041 645 3047 .

296 3071 477 3146 LiX.
521 3074 709 3152 Inter⁸
730 3067 893 3136 haee
926 3090 1241 3148 censores
1277 3073 1344 3135 in
1382 3070 1547 3135 urbe
1581 3072 1656 3133 L.
1684 3072 1969 3135 Marcius
2002 3069 2086 3155 Q.
2104 3069 2182 3132 F.
2257 3068 2513 3136 ΒΑΜ·

185 3145 258 3243 Q.
292 3157 378 3215 N.
407 3151 800 3236 Philippus.
826 3155 915 3214 Μ.
946 3156 1287 3237 Perperna
1315 3150 1580 3215 lustrum
1610 3153 1959 3237 septimum
1989 3168 2184 3237 atque
2208 3140 2501 3198 “uum'‘

192 3235 658 3317 sexagesimum
701 3232 1170 3321 condideruntz
1231 3256 1445 3320 opera·
1470 3237 1732 3320 publica
1767 3233 2184 3300 locaverunt:

195 3330 478 3377 senatum
527 3321 1026 3381 recensuerunt.
1091 3338 1222 3402 quo
1275 3332 1576 3401 tempore
1619 3319 1746 3402 Ap.
1798 3315 2105 3381 Claudius
2151 3337 2190 3378 a

190 3412 461 3461 censore
486 3399 743 3460 Marcio
779 3395 868 3459 est
897 3399 1316 3483 praeteritus,
1361 3403 1779 3486 (quamquam
1813 3399 1878 3461 ei
1911 3399 2190 3484 propin-

188 3497 298 3561 qua
337 3481 739 3566 cognatione
777 3479 1031 3560 junctus
1080 3482 1284 3561 effet)
1337 3481 1516 3568 quod
1559 3485 1628 3545 in
1675 3481 1974 3566 partibus
2018 3480 2189 3564 opti-

186 3563 445 3623 matium
500 3563 617 3624 ille
668 3561 904 3640 fuerat.
1005 3565 1186 3639 Idem
1223 3584 1466 3629 censor
1505 3584 1706 3651 aquae
1742 3565 2029 3625 Marciae
2071 3560 2190 3623 ‹lu-

191 3654 352 3705 ctum
374 3691 393 3722 ,
439 3647 625 3709 hello
663 3645 894 3708 sociali
924 3643 1392 3722 disturbatum,
1446 3648 1705 3711 refecit.
1769 3646 2024 3709 Civium
2056 3649 2193 3707 Ro-

190 3740 521 3791 manorum
556 3735 756 3792 censa
792 3740 928 3789 tum
963 3730 1174 3814 capita
1213 3746 1363 3794 sunt
1394 3730 1869 3817 quadringenta
1889 3729 2191 3816 sexaging·

238 3917 396 3998 ‘Cam
429 3919 621 4003 nvn.
654 3918 959 3974 Memnon.
996 3915 1127 3974 Liv.
1154 3916 1203 3973 Ε
1250 3917 1316 3972 it.
1353 3914 1616 3998 Appian.
1652 3915 1767 3994 Dio
1800 3873 1957 3990 aptid
1987 3914 2189 3971 Valet.

200 3982 1176 4188 John-¹¹¹
1227 4003 1502 4129 ..erza
1520 3984 2191 4128 ..²-

420 4144 526 4186 usc
573 4165 593 4188 .
721 4143 858 4185 ron.
952 4150 959 4153 ’
1529 4171 1533 4182 .
2084 4171 2092 4179 .
2159 4170 2170 4178 .

50 4139 63 4148 .

44 4403 47 4430 ἰ

44 4449 48 4458 .

46 4513 49 4520 .

46 4563 49 4572 .
