2717 4667
502 186 1054 260 EPITOME
1106 185 1445 257 LIBRI
1493 185 1878 257 Lxxxm.

147 423 254 505 pit.

2019 115 2026 128 ἱ

2111 149 2118 160 P

2117 247 2126 256 .
2190 180 2321 255 161

374 421 592 488 Sulla
651 423 908 504 multis
964 424 1253 507 proeliis
1306 420 1630 490 Thracas
1684 421 1965 489 cecidit.
2029 421 2326 512 'Quum

154 548 224 611 L.
261 545 493 618 Cinna
543 555 612 613 et
653 547 775 613 Cn.
821 549 1158 632 Papirius
1202 547 1476 630 Carbo,
1528 546 1617 612 ab
1660 564 1735 611 se
1778 548 1949 631 ipsis
1999 547 2329 612 consules

152 693 260 757 per
289 673 661 739 biennium
699 674 962 757 creati,
1014 673 1287 756 bellum
1331 678 1589 737 contra
1630 670 1916 736 Sullam
1955 679 2331 757 pararent,

164 797 470 888 effectum
525 805 632 863 est
678 816 805 882 per
846 796 926 863 L.
984 797 1350 867 Valerium
1393 798 1740 863 Flaccum
1792 797 2176 881 principem
2225 814 2335 861 se·

162 933 355 990 natus
383 972 407 1007 ,
466 925 589 1010 qui
639 925 1041 991 orationem
1087 927 1162 992 in
1210 932 1470 992 senatu
1521 919 1778 987 habuit
1802 968 1829 1006 ,
1894 928 1963 985 et
2002 940 2129 1006 per
2167 938 2332 1004 eos,

156 1052 261 1136 qui
312 1048 753 1142 concordiae
809 1033 1249 1135 studebant,
1321 1057 1405 1115 ut
1464 1049 1686 1137 legati
1744 1046 1847 1112 ad
1905 1042 2193 1113 Sullam
2243 1044 2331 1111 de

44 1195 47 1220 ¹·
151 1194 307 1260 pace
344 1178 832 1243 mitterentur.
942 1173 1168 1243 Cinna
1211 1176 1303 1242 ab
1348 1147 1664 1241 exercitu
1712 1191 1896 1258 suo,
1964 1191 2180 1258 quem
2230 1173 2337 1237 in-

155 1301 363 1366 vitum
427 1300 742 1389 cogebat„
791 1315 1008 1366 naves
1067 1300 1582 1386 conscendere,
1655 1306 1724 1380 ct
1770 1298 2126 1365 adversus
2175 1295 2340 1366 Sul·

158 1425 290 1489 lam
343 1421 754 1510 proficisci,
827 1426 1249 1507 interfectus
1310 1433 1441 1493 est.
1514 1473 1518 1482 ·
1568 1426 2047 1493 Consulatum
2104 1424 2338 1524 Carbo

162 1554 338 1616 solus
375 1552 623 1640 gessit.
738 1549 994 1636 Sulla,
1049 1570 1275 1638 quum
1315 1523 1690 1617 mamm
1735 1549 2160 1652 trajecisset,
2211 1572 2343 1638 pa-

168 1694 286 1740 cem
324 1696 498 1741 cum
527 1674 970 1764 Mithridate
994 1675 1175 1758 fecit
1194 1703 1219 1763 ,-
1273 1676 1385 1741 ita
1421 1681 1506 1758 ut
1545 1677 1609 1741 is
1650 1676 1932 1742 cederet
1961 1677 2343 1761 provinciis

164 1794 357 1887 Asia,
411 1798 820 1892 Bithynia,
873 1799 1355 1889 Cappadocia.
1460 1800 1823 1885 Fimbria,
1882 1761 2210 1872 desertus
2245 1801 2343 1870 ab

223 2019 466 2080 Bellum
499 2025 721 2077 contra
743 2018 991 2079 Sullam
1019 2039 1205 2092 para-

158 2098 295 2154 rent,
315 2087 616 2164 effectum
675 2088 886 2146 uidem
904 2099 1019 2153 est]
1049 2090 1207 2146 Gud.

155 2166 543 2229 praeparent.
690 2157 826 2211 inor
866 2178 1209 2230 praepara·

155 2235 294 2280 rent.
320 2228 482 2281 Voss'.
504 2235 899 2299 repararent.
937 2230 1209 2283 Praeter·

154 2309 212 2348 ea
240 2292 369 2348 dele
403 2295 482 2348 τὸ
503 2294 778 2368 quidem,
816 2295 979 2367 quod
1006 2296 1210 2369 pass‘im

154 2361 399 2417 abolevit
420 2363 729 2437 Sigonius,
766 2363 860 2416 hic
888 2374 1086 2419 tamen
1114 2380 1209 2418 re·

46 2433 49 2474 ἰ
151 2430 308 2513 liquit
323 2452 338 2483 ε
358 2429 472 2485 sed
490 2432 653 2485 nulla
670 2433 1010 2490 membrana
1031 2451 1206 2511 agno·

152 2510 262 2554 scit.
325 2501 425 2554 Uti
461 2517 575 2554 nec
610 2499 719 2555 lib.
746 2501 835 2556 86.
896 2504 994 2558 Ex
1029 2522 1106 2558 cu
1139 2520 1210 2556 us

46 2567 49 2568 ⁷
155 2568 388 2642 quidem
423 2586 709 2624 numero.
758 2570 811 2623 J.
838 2571 953 2623 FR.
979 2571 1080 2624 GR
1135 2570 1206 2623 N.

152 2636 1208 2782 {izzffsstcffesffssssssssessssz2:

160 2770 275 2829 dem
294 2783 648 2847 expungunt
663 2774 827 2828 Leid.
852 2777 1006 2830 Voss'.
1028 2780 1204 2845 Berg.

159 2839 281 2895 ιον.
313 2861 369 2897 2.
406 2841 648 2897 Boend.
683 2853 741 2898 et
771 2841 867 2897 ed.
889 2845 1096 2917 Camp.
1127 2849 1207 2901 V.

158 2906 220 2961 ad
246 2912 403 2983 Epit.
442 2915 536 2968 55.

215 3014 413 3086 Naves
444 3011 879 3081 conscendere,
917 3022 980 3070 et
996 3012 1211 3070 adver-

160 3098 248 3135 sus
263 3081 527 3211 Su'lgam
544 3082 881 3155 proficisci,
921 3083 1213 3139 interem-

160 3157 248 3204 tus
278 3158 375 3206 est
464 3150 535 3204 in
577 3167 763 3205 naves
805 3148 1215 3207 conscendere

160 3216 316 3291 Bet-g.
389 3220 475 3272 V.
524 3215 602 3270 ad
644 3236 749 3289 29,
783 3221 883 3289 ²5,
919 3222 972 3274 5.
1026 3238 1215 3274 naves

170 3286 483 3343 ascendere
501 3287 647 3340 Lov.
669 3304 721 3349 2,
763 3289 908 3340 Tum
929 3306 1212 3343 conscen-

163 3351 308 3422 dere,
342 3355 705 3422 adversum,
729 3355 940 3410 omissa
1001 3355 1216 3409 articu-

161 3420 568 3497 lacopulante,
593 3421 822 3479 Boend.
860 3423 954 3477 Ali
1003 3421 1215 3478 icodd.

54 3503 57 3528 ²
158 3490 501 3563 plerumque
527 3492 876 3565 praeferunt
896 3492 1213 3550 advers-iis.

157 3562 226 3614 V.
256 3561 329 3614 ad
357 3559 647 3681 Epit337.
701 3560 925 3615 Deinde
960 3558 1217 3632 interse-

159 3636 287 3684 ctus
317 3640 412 3687 est
442 3630 549 3682 Len
599 3667 614 3681 .
647 3630 808 3684 Voff.
843 3631 1019 3704 Berg.
1067 3630 1212 3682 Lov.

160 3713 206 3749 ι.
249 3697 483 3752 Boend.
527 3699 666 3751 Exc.
711 3697 979 3766 Pithoei,
1023 3707 1082 3751 et
1116 3695 1211 3751 ed.

163 3764 358 3838 Camp.
406 3769 493 3822 V.
524 3763 602 3820 ad
629 3765 789 3837 Epit.
820 3768 910 3836 73.

222 3868 328 3924 Ita
356 3878 428 3924 ut
456 3868 558 3924 his
585 3866 831 3925 cederet
855 3870 1215 3943 provinciis]

165 3934 290 3992 Vet.
330 3938 438 3991 lib.
494 3940 590 3993 ita
626 3945 697 3992 ut
731 3938 787 3992 is
823 3936 1089 3994 cederet.
1157 3939 1220 3998 Is

168 4016 355 4059 autem
407 4004 782 4059 Mithridates
847 4007 1216 4130 intelliffiitur.

171 4069 308 4127 SIG.
346 4075 430 4126 Ex
457 4072 951 4146 sigonii-Scholia
983 4077 1043 4129 ni
1090 4076 1130 4152 il
1161 4096 1218 4134 a.

230 4156 562 4234 Supplem.
579 4158 706 4217 Liv.
734 4160 908 4234 Tam.
929 4161 1121 4221 XIII.

1275 2018 1404 2074 liud
1439 2015 1676 2095 colligo,
1710 2035 1884 2094 quam
1915 2031 2036 2077 vet.
2068 2017 2177 2075 lib.
2216 2016 2343 2088 ejus

1277 2088 1590 2175 praeferre
1609 2093 1685 2154 is,
1715 2108 1829 2162 pro
1845 2089 1966 2146 his.
2006 2091 2081 2143 At
2099 2089 2346 2159 insuper

1279 2156 1418 2214 mdc
1438 2158 1703 2213 effecisse
1722 2157 1960 2212 videtur
1977 2157 2340 2224 Gronovius,

1280 2245 1412 2283 eum
1432 2222 1610 2281 etiam
1630 2227 1692 2279 in
1709 2236 1827 2281 vet.
1849 2227 1956 2280 lib.
1978 2244 2187 2283 vocem
2204 2245 2345 2298 pro·

1280 2297 1501 2356 vinciis
1541 2313 1658 2349 non
1691 2295 2022 2362 invenisse,
2064 2294 2346 2368 quoniam

1283 2363 1408 2432 ejus
1433 2359 1493 2417 in
1510 2363 1748 2418 Scholia
1766 2382 1887 2418 non
1905 2364 2200 2419 meminit:
2239 2381 2349 2416 un·

1281 2431 1354 2486 de
1389 2443 1448 2485 et
1481 2432 1640 2486 illam
1672 2433 1969 2504 expunxit.
2044 2431 2112 2485 Id
2148 2442 2346 2485 tamen

1282 2500 1601 2555 verisimile
1632 2517 1755 2553 non
1782 2498 2041 2567 videtur,
2081 2500 2217 2572 quia
2251 2499 2345 2554 Si-

1281 2568 1511 2643 gonius,
1551 2567 1624 2622 ad
1643 2579 1762 2622 vet.
1784 2568 1890 2622 lib.
1910 2568 2347 2642 praescriptum

1281 2647 1616 2692 contextum
1648 2638 1972 2710 refingens‚
2013 2648 2237 2692 tantum
2266 2638 2341 2701 is,

1279 2725 1393 2781 pro
1411 2704 1527 2770 his,
1549 2704 1899 2773 emendavit,
1921 2723 2129 2761 vocem
2147 2713 2345 2759 autem

1278 2776 1617 2851 provinciis
1634 2774 1892 2829 servavit
1911 2790 1939 2828 τ’
1967 2774 2027 2829 in
2056 2792 2170 2846 qua
2200 2773 2345 2827 reti.

1281 2842 1477 2898 nenda
1518 2842 1693 2897 etiam
1739 2859 1942 2899 omnes
1982 2842 2157 2900 codd.
2202 2860 2349 2895 con-

1282 2913 1530 2984 spirant.
1573 2915 1748 2967 Certe
1785 2913 1878 2967 ita
1914 2921 1984 2969 ut
2017 2913 2071 2970 is
2098 2910 2349 2966 cederet

1324 2980 1619 3037 rovinciis
1680 2979 2346 3050 rauferuntLeidAEerg.

1279 3000 1427 3106 ἴον.
1451 3066 1503 3102 2.
1538 3058 1596 3101 ct
1665 3047 2021 3103 xc.Pithoei.
2063 3051 2157 3106 ita
2196 3057 2267 3104 ut
2298 3050 2350 3104 i-

1819 3120 2112 3174 rovinciis
2165 3120 2345 3174 Voss.

1791 3201 1945 3258 amp.
1985 3189 2238 3258 Insuper
2262 3194 2348 3242 ta·

1283 3269 1417 3310 men
1434 3253 1796 3321 Crevierius‚
1837 3266 2131 3310 caussatus
2147 3252 2349 3322 Bithy-

1282 3324 1441 3379 niam
1474 3334 1532 3377 et
1564 3324 1996 3396 Cappadociam
2031 3342 2151 3377 non
2180 3322 2347 3375 fniss'e

1285 3411 1359 3448 eo
1386 3403 1658 3463 tempore
1681 3392 2019 3463 provincias
2033 3392 2322 3446 Romanas

1285 3460 1390 3516 sed
1425 3478 1625 3533 regna,
1665 3457 1978 3534 legendnm
2015 3469 2214 3515 censet
2249 3462 2346 3515 ita

1287 3538 1360 3586 ut
1401 3532 1459 3585 is
1503 3528 1753 3586 cederet
1790 3531 2113 3605 provincia
2153 3530 2343 3595 Asia,

1283 3597 1616 3670 Bithynia,
1640 3598 2070 3673 Cappadocia3
2097 3614 2345 3671 quomo-

1288 3668 1366 3722 do
1412 3666 1596 3721 verba
1639 3667 1783 3719 haec
1825 3665 2092 3721 laudat-at
2136 3665 2344 3739 Sigon.

1285 3733 1696 3792 Comment.ad
1710 3735 1929 3792 Fast.ad
1943 3739 2110 3793 A.V.n
2122 3750 2348 3792 ocnnx.

1286 3805 1603 3877 vulgatum
1640 3815 1832 3857 tamen
1863 3804 2009 3858 ferri
2041 3804 2257 3876 potest,
2297 3796 2346 3852 si

1288 3870 1570 3937 dicamne,
1603 3872 1851 3944 intelligi
1871 3873 2208 3945 provincias
2229 3884 2349 3922 non

1287 3943 1720 4007 Romanorum,
1769 3941 1872 3995 sed
1903 3942 2083 4013 ipsius
2121 3936 2346 3990 Mithri-

1290 4008 1461 4064 datis·
1513 4011 1689 4065 Certe
1707 4027 1914 4063 vocem
1930 4008 2265 4082 provinciis
2283 4005 2347 4058 fi-

1289 4077 1364 4135 de
1402 4076 1668 4133 codicum
1706 4078 1946 4134 restitui.

1691 4150 1751 4218 L

1285 3119 1427 3177 dem
1478 3116 1728 3173 cederet

1281 3184 1510 3242 Boend.
1541 3196 1598 3238 et
1624 3186 1719 3240 ed.
