2717 4667
561 191 568 199 ’
618 173 739 286 aaa
808 182 1372 294 FREINSHEMn
1404 219 2227 286 sUPPLEMENTonoM
2256 177 2401 286 Lmss
2422 191 2557 284 Lx(

293 431 598 502 Πωμβτε).
625 430 878 492 derunt.
978 427 1120 522 Qua
1159 427 1436 490 victoria
1478 426 1580 514 usi
1628 424 1886 485 saevius
1932 411 2575 509 etiam-'infestiusque

284 500 359 558 A·
393 501 584 569 C.,⁴73·
625 524 818 573 totam
853 508 1256 593 Campaniam
1291 508 1625 592 pervagati
1665 519 1830 566 sunt.
1895 523 2017 569 nec
2060 507 2357 570 villarum
2396 523 2576 589 atque

624 594 915 653 vicorum
954 589 1300 660 vastatione
1330 589 1664 659 contenti,
1721 588 1982 662 Coram,
2043 589 2425 661 Nuceriam,
2484 604 2617 665 ets

621 694 784 756 quae
833 673 1139 733 Romanis
1198 672 1593 733 exercitibus
1650 681 1755 730 tot*
1799 690 1920 753 per
1975 690 2176 732 annos
2235 668 2575 746 restiterat,

618 755 885 827 Nolam,
932 752 1284 815 crudeliter
1321 752 1810 848 populabantur.
1873 752 2576 847 nactique-nonnullos,

620 836 853 919 quibus
893 836 1161 895 maxime
1201 834 1441 898 infensi
1476 848 1693 904 erant,
1750 853 1976 914 eorum
2010 847 2207 896 morti
2243 833 2581 898 nefandum

618 919 686 978 in
722 918 977 979 modum
1013 915 1398 987 illudebant,
1448 915 1661 976 lacera
1698 916 2010 997 corpora,
2057 913 2174 976 sed
2210 914 2416 978 adhuc
2458 916 2580 998 spi-

618 1000 846 1070 rantia,
890 1017 974 1057 ne
1002 998 1131 1058 cito
1162 998 1390 1057 dolore
1420 996 1952 1082 defungerentur,
1999 996 2394 1058 omittentes.
2460 996 2586 1059 Alii

610 1077 891 1150 intecta
926 1078 1241 1158 jaciebant·
1278 1079 1502 1162 ignesz
1562 1077 1874 1160 multique
1914 1097 1994 1138 ex
2029 1077 2228 1149 locis,
2320 1091 2441 1139 uae
2482 1098 2585 1140 oc-

617 1176 842 1244 cupata
878 1173 1094 1233 erant,
1142 1160 1351 1232 servi,
1400 1179 1564 1243 quos
1600 1159 1927 1240 ingenium
1964 1158 2181 1219 socios
2217 1162 2292 1221 da
2339 1174 2437 1234 at,
2483 1160 2583 1222 ab·

615 1242 747 1305 dita
786 1265 820 1303 a
857 1242 1160 1314 dominis,
1206 1255 1312 1302 aut
1346 1242 1533 1324 ipsos,
1567 1239 1903 1302 trahebant
1939 1261 2020 1302 ex
2056 1242 2332 1302 occulto.
2374 1262 2584 1326 neque

617 1339 900 1393 sanctum
938 1336 1046 1385 aut
1078 1322 1803 1406 nefandumquidquam
1835 1320 1959 1383 fuit
1986 1323 2122 1385 irae
2143 1321 2583 1398 barbarorum,

615 1420 683 1467 et
740 1406 963 1492 servili
1025 1406 1330 1488 ingeni03
1408 1418 1775 1487 nequeunte
1830 1403 2185 1484 prohibere
2241 1405 2584 1489 Spartaco,

549 1526 564 1543 ,
589 1493 994 1576 =‘quamquam
1030 1488 1247 1549 multis
1282 1486 1589 1571 precibus
1626 1499 1864 1548 oraret.

268 1619 608 1696 confisam.
700 1655 702 1658 v
736 1622 847 1681 VI.
909 1619 1148 1703 Igitur,
1178 1630 1281 1680 ,ut
1315 1618 1444 1679 alio
1475 1617 1753 1680 consilio
1790 1637 1906 1680 eos
1935 1617 2015 1679 ab
2042 1616 2162 1680 hac
2194 1618 2590 1686 immanitate

241 1711 493 1779 Spartaco
508 1715 587 1764 in.
614 1700 995 1782 abduceret,
1061 1700 1379 1782 simulque
1416 1699 1728 1762 adventus
1765 1702 1866 1761 sui
1903 1700 2236 1769 celeritate
2278 1724 2590 1784 praever-
2680 1729 2695 1742 ⁴·

239 1780 523 1846 inficitur.

613 1796 783 1846 teret
814 1784 1122 1858 nuncios3
1167 1782 1401 1864 raptim
1432 1782 1499 1841 in
1529 1783 1871 1843 Lucaniam
1902 1782 2119 1843 ductis
2149 1782 2379 1866 copim,
2431 1787 2592 1847 Cos·

607 1866 883 1938 sinium,
928 1864 1040 1949 qui
1074 1864 1257 1926 datus
1294 1864 1582 1945 praetori
1618 1862 1874 1944 adjutor
1903 1865 2146 1936 fuerat,
2190 1882 2334 1926 cum
2356 1886 2593 1949 magna

523 1965 534 1969 ·
605 1948 879 2008 militum
943 1966 1131 2006 manu
1184 1943 1352 2026 apud
1399 1945 1647 2006 Salinas
1699 1960 2035 2041 agentem,
2091 1946 2178 2007 ita
2228 1946 2591 2034 improviso

605 2028 696 2088 im
745 2041 851 2090 etu
895 2025 1246 2112 oppress'it,
1311 2040 1382 2086 ut
1419 2026 1584 2104 nihil
1625 2048 1899 2109 propius
1941 2026 2333 2104 sicfactum,
2399 2050 2594 2115 quam

604 2124 675 2169 ut
730 2123 1017 2170 avantem
1048 2106 1652 2189 comprehenderet.
1737 2109 2198 2192 Impedimenta
2231 2123 2414 2176 certe
2452 2112 2592 2192 ejus

607 2190 818 2250 omnia
857 2189 1162 2273 diripuit,
1210 2186 1625 2273 vestigiisque
1672 2190 2060 2272 fugientium
2098 2191 2383 2254 haerens
2422 2195 2592 2254 mul-

604 2282 708 2331 tos
750 2271 1024 2344 occidit,
1087 2275 1172 2331 et'
1206 2268 1400 2332 castra
1453 2285 1679 2333 eorum
1725 2273 1928 2355 cepit,
1991 2272 2138 2358 ipso
2171 2269 2265 2334 ib'i
2296 2273 2591 2350 Coffinio

605 2351 977 2415 interfectO.
1073 2353 1247 2413 Hinc
1283 2353 1605 2415 Lucaniae
1665 2374 1954 2437 magnam
1998 2369 2284 2437 parterm,-
2345 2356 2596 2419 Thuri-

605 2456 758 2494 num
810 2436 1080 2495 maxime
1129 2435 1766 2519 Metapontinumque
1823 2457 2080 2520 agrum,
2146 2439 2214 2498 in
2271 2435 2592 2523 potestate

604 2515 869 2613 fugitivi
901 2515 1282 2591 habuerunt„
1330 2518 1494 2602 ipsis
1535 2533 1793 2603 quoque
1832 2519 2102 2582 urbibus
2130 2520 2370 2597 ⁴eodem
2404 2522 2592 2584 bello

604 2612 820 2682 potiti.
2334 2617 2339 2624 ’

727 2699 865 2769 VII.
929 2704 1015 2767 At
1045 2704 1387 2778 Varinius,
1449 2702 1600 2766 dum
1642 2704 1803 2768 haec
1852 2713 2127 2792 aguntur
2171 2730 2204 2769 a
2242 2703 2591 2792 fugitivis,

604 2805 798 2846 aecra
860 2800 1043 2869 parte
1107 2788 1383 2848 militum
1447 2790 1729 2850 autumni
1786 2789 2139 2871 gravitate,
2218 2811 2439 2874 neque
2509 2815 2596 2856 ex

597 2834 914 2949 postrema
962 2867 1147 2951 fuga,
1196 2890 1391 2965 quum
1431 2888 1663 2930 severo
1704 2871 1919 2932 edicto
1963 2872 2376 2949 juberentur,
2428 2876 2592 2937 ullis

600 2948 679 3010 ad
718 2949 897 3031 signa
936 2951 1393 3023 redeuntibuS,
1441 2964 1537 3024 et,
1586 2953 1699 3034 qui
1734 2954 1972 3037 reliqui
2007 2971 2210 3028 erant,
2255 2969 2374 3039 per
2408 2979 2595 3019 sum-

597 3025 698 3090 ma
735 3029 978 3114 flagitia
1018 3032 1522 3095 detrectantibus
1559 3034 1889 3112 militiam3
1950 3036 2341 3134 quaestorem
2394 3061 2597 3102 suum

600 3114 671 3173 C.
700 3113 1114 3186 'I'horanium,
1162 3136 1241 3175 ex
1280 3135 1406 3198 quo
1443 3114 1781 3197 praesente
1821 3138 1974 3179 vera
2007 3117 2312 3181 facillime
2349 3122 2594 3184 nosce-

596 3208 862 3267 rentur,
904 3195 970 3255 in
1013 3197 1238 3259 urbem
1274 3196 1572 3259 miserat:
1632 3213 1697 3259 et
1732 3214 1940 3261 tamen
1979 3200 2242 3261 interim
2284 3223 2431 3264 cum
2465 3226 2597 3265 vo..

491 3285 496 3294 '
598 3275 880 3337 lentibus
918 3278 985 3337 in
1020 3277 1499 3362 expeditionem
1531 3279 1799 3362 prodiit.
1845 3282 2116 3344 Auxiliis
2149 3282 2383 3347 deinde
2420 3306 2594 3366 con-3·

597 3359 845 3432 tractiS,
895 3381 1086 3443 quum
1119 3360 1436 3457 'quaedam
1473 3382 1602 3421 non
1636 3363 2036 3459 improspere
2077 3367 2369 3447 geffiss'et,
2419 3388 2597 3430 con·
2700 3425 2702 3430 .

598 3451 698 3500 tra
727 3461 973 3501 morem
1006 3438 1238 3503 fiduc1a
1268 3444 1492 3525 augeri
1513 3446 1819 3510 Romanis
1854 3460 1919 3507 et
1946 3448 2157 3530 promi
2180 3448 2398 3533 lingua
2424 3470 2595 3513 coe-

596 3518 717 3608 pit,
786 3543 915 3605 quo
962 3524 1262 3588 Varinius
1308 3539 1533 3587 contra
1580 3540 1925 3609 spectatam
1967 3550 2105 3590 rem
2146 3529 2399 3593 incaute
2435 3553 2597 3594 mo-

597 3616 741 3675 tus,
800 3625 1006 3665 novos
1054 3606 1551 3691 incognitosque
1599 3621 1665 3669 et
1705 3610 1974 3672 aliorum
2017 3612 2268 3674 casibus
2308 3615 2594 3697 percul-

601 3695 710 3746 sos
759 3685 997 3748 milites
1048 3688 1225 3749 ducit
1268 3703 1479 3749 tamen
1527 3689 1604 3750 ad
1641 3688 1831 3751 castra
1875 3690 2297 3776 fugitivorum
2334 3717 2591 3778 presso

599 3766 838 3848 gradw,
903 3769 1170 3831 silentes
1215 3771 1372 3848 jam,
1434 3791 1645 3855 neque
1689 3786 1816 3836 tam
1858 3773 2198 3859 magnifice
2240 3791 2592 3842 sumentes

596 3849 953 3930 proelium,
999 3871 1184 3934 quam
1217 3851 1709 3960 postulaverant.

666 4035 806 4107 Cap.
843 4039 917 4091 V.
972 4040 1132 4094 Flor.
1177 4040 1325 4098 Sall.
1377 4007 1607 4113 Piragm.
1646 4062 1712 4099 ex
1741 4045 2022 4103 Biblioth.
2056 4047 2199 4121 Reg,
2272 4046 2418 4122 Cap.
2456 4048 2587 4106 VI.

593 4104 746 4161 Plut.
784 4104 946 4160 Flor.
1021 4110 1166 4182 Cap.
1201 4111 1331 4170 Vll.
1371 4109 1592 4168 Sallust.
1630 4116 1860 4189 Fragm.
