2717 4667
550 228 675 310 304
766 202 1168 293 FREmsH.
1209 188 2065 309 surPLEMEN'ToRUm
2079 223 2464 290 L1n..1.x111.

227 436 294 492 U·
319 453 373 492 0·
405 433 676 530 ⁶8²·fizta
702 441 862 504 velle.
910 457 1005 503 nec
1038 443 1178 502 enim
1208 440 1465 520 ignoras,
1509 438 1749 499 eamdem
1782 436 2010 520 cauffam
2044 438 2147 522 effe
2179 458 2397 515 eorum,
2438 442 2527 520 qui

216 506 290 561 A·
325 505 519 573 C·.70·
541 527 779 611 fugiunt
814 524 970 585 heros
987 565 1004 597 ‚
1049 542 1105 584 et
1142 525 1241 604 qui
1267 518 1548 602 fugitivos
1584 521 1881 603 recipiunt.

245 644 449 698 Libera
484 654 536 699 et
677 634 790 696 lx.
855 627 1092 712 Etianfi
1125 621 1180 689 te
1212 645 1350 709 prae
1391 627 1580 688 multis
1627 626 1845 709 regibus*
1889 631 2136 709 porentia
2166 627 2356 706 ⁴valere
2384 626 2494 710 fiio
2508 669 2527 702 ,

184 716 395 770 minax·
558 711 667 777 nou
706 733 883 775 tamen
922 718 1114 793 opinor
1153 730 1264 771 tam
1305 710 1414 771 levi
1434 710 1522 771 ‘de
1561 709 1737 790 cauffiz
1766 710 2056 793 facturum
2094 708 2195 791 effi·
2225 710 2529 792 quidquam,

558 818 664 880 quo
703 796 772 856 de
814 792 915 855 illa
955 793 1214 853 dimicare
1252 785 1310 853 c'o
1345 792 1480 856 arii.
1511 782 1531 806 '
1577 789 1807 876 Quanto
1859 792 2026 874 plura
2063 790 2290 874 poffides
2305 835 2324 867 ‚
2387 790 2534 851 tanto

553 881 788 963 gravius
821 873 1220 958 periclitabere.
1280 813 1447 958 §uid
1482 893 1637 932 arma
1663 874 1906 934 Romana
1944 872 2181 950 valeant,
2212 871 2275 955 si
2293 873 2536 957 Magnus

560 977 735 1041 nuper
768 956 1065 1018 Antiochus
1085 999 1103 1031 ,
1147 975 1205 1016 et
1243 955 1355 1016 Ma
1391 974 1460 1014 na
1496 954 1771 1038 Carthago
1804 971 2004 1036 parum
2034 953 2273 1036 grandia
2312 974 2411 1016 aut
2450 977 2537 1017 re·

560 1045 736 1116 centia
776 1039 1090 1100 documenta
1119 1036 1261 1119 fient
1272 1061 1292 1108 ;
1339 975 1714 1097 fiaithridates
1747 1036 1937 1097 docere
1966 1041 2148 1118 potuit
2165 1080 2183 1111 ‚
2235 1040 2329 1118 qui
2357 1034 2537 1118 etipse

556 1123 723 1205 vulgo
759 1122 889 1201 jam
940 1137 1187 1201 coeperat
1237 1118 1487 1202 Magnus
1540 1117 1820 1258 usurpari.
1905 1119 1988 1180 Et
2029 1137 2219 1179 tamen
2242 1118 2340 1179 ille
2382 1123 2441 1179 in
2479 1136 2537 1178 ea

559 1221 803 1285 tempora
843 1201 1038 1264 incidit
1057 1243 1074 1275 ,
1119 1198 1313 1283 quibus
1352 1219 1506 1260 arma
1548 1203 1653 1260 civi
1675 1203 1729 1259 ia
1746 1242 1763 1273 ‚
1807 1218 1907 1259 aut
1931 1198 2155 1282 socialia
2173 1243 2191 1273 ,
2236 1219 2335 1260 aut
2357 1199 2541 1282 servi..

558 1286 636 1346 lia
676 1285 934 1365 denique,
979 1283 1127 1344 vires
1168 1285 1384 1362 imperii
1427 1281 1614 1360 nostri.
1635 1280 1839 1361 divisas
1878 1301 2040 1363 atque
2080 1283 2358 1362 districtas
2394 1301 2539 1342 tene-

555 1366 712 1429 bant.
777 1383 918 1426 nunc
956 1365 1208 1444 intestina
1246 1362 1390 1423 bella
1426 1367 1643 1444 penitus
1682 1367 2028 1444 quieverunt.
2094 1363 2282 1424 nullus
2324 1382 2542 1445 usquam

562 1449 844 1511 Sertorius
883 1446 957 1525 est
974 1488 993 1521 ‚
1060 1445 1249 1506 nullus
1293 1446 1592 1526 Spartacus
1609 1484 1633 1515 ‚
1698 1448 1795 1526 qui
1842 1444 2069 1526 adferre
2108 1449 2183 1504 im
2222 1446 2543 1506 edimentum

562 1548 798 1611 queant,
857 1549 955 1602 ne,
1018 1528 1164 1609 quod
1207 1526 1441 1608 senatui.
1475 1525 1778 1609 populoque
1816 1526 2057 1587 Romano
2110 1532 2287 1588 vium
2323 1526 2539 1609 fuerit,

562 1609 788 1698 paribus
828 1613 1025 1670 animis
1065 1607 1379 1690 viribusque
1418 1608 1789 1689 exsequamur.

187 1716 544 1791 'Tigranisad
689 1718 773 1777 X.
827 1720 1180 1787 Notarunt‚
1240 1715 1352 1800 qui
1387 1712 1786 1789 adstiterant,
1843 1712 1963 1776 hac
1999 1712 2254 1796 juvenis
2293 1710 2547 1774 audacia
2604 1729 2611 1742 ¹

83 1840 97 1848 -
191 1807 305 1841 eam
324 1805 544 1843 ‘mm‘
568 1811 807 1860 tactum
852 1796 1214 1867 hominem,
1289 1795 1403 1879 qui
1462 1809 1557 1860 tot
1616 1797 1695 1858 ab
1755 1796 1938 1858 annis
1995 1796 2267 1859 liberam
2325 1813 2550 1857 vocem

193 1870 288 1913 '⁸⁰’
343 1933 351 1948 „
463 1909 468 1916 ’
566 1880 810 1940 nullam
849 1878 1221 1951 audiverat,
1280 1898 1414 1938 non
1460 1879 1735 1941 tenuiss'e
1777 1878 2028 1950 vultus,
2089 1897 2283 1961 quem
2326 1875 2548 1937 indue-

563 1974 688 2032 rat,
734 1960 1221 2044 aequalitatem3
1278 1958 1417 2033 sed,
1461 1981 1840 2045 quamquam
1872 1980 2174 2022 serenum
2200 1958 2548 2042 placidum·

568 2061 698 2125 que
748 2039 1066 2125 fingeret,
1137 2041 1636 2103 commotionem
1692 2042 1893 2105 animi
1944 2041 2327 2127 prodidiss'e.
2425 2042 2548 2101 Re-

572 2123 859 2207 spondit,
891 2122 998 2199 Jae‘bi
1034 2143 1238 2205 quoque
1273 2143 1380 2184 non
1411 2127 1648 2205 ignotam
1675 2124 2041 2185 Mithridatis
2065 2128 2400 2204 pravitatem
2425 2120 2545 2202 effi:

557 2204 662 2289 sed
701 2202 1128 2283 neceffitudinem
1167 2208 1451 2279 revereri,
1513 2225 1570 2265 et
1611 2216 1881 2277 commune
1919 2205 2066 2285 apud
2106 2225 2283 2265 omnes
2325 2204 2548 2268 homines

569 2286 937 2366 opprobrium,
970 2282 1033 2365 fi
1057 2287 1301 2365 socerum
1333 2285 1497 2364 *sicum
1537 2287 1612 2347 ad
1650 2291 1878 2347 exitium
1919 2283 2233 2365 dedidiffet„
2282 2289 2359 2348 In
2388 2304 2546 2347 eam-

572 2368 723 2431 dem
767 2367 1148 2430 sententiam
1195 2381 1260 2429 et
1301 2367 1528 2430 literas
1564 2368 1647 2431 ad
1676 2368 2013 2430 Lucullum
2049 2367 2264 2444 dedit3
2311 2369 2380 2428 in
2418 2365 2550 2448 qui-

569 2451 732 2522 bua,
794 2450 1210 2534 imperatoris
1271 2450 1491 2511 omissa
1547 2450 2023 2535 appellatione,
2085 2449 2250 2511 hanc
2294 2450 2550 2512 causs'am

568 2532 766 2595 homo
813 2552 1062 2594 vecors·
1101 2531 1347 2604 attulit,
1457 2533 1584 2593 uod
1632 2553 1703 2595 se
1755 2552 2014 2629 quoque
2061 2552 2287 2614 regem
2334 2549 2551 2612 regum

570 2635 650 2697 ap
702 2616 903 2676 ellare
938 2617 1265 2676 Romanus
1300 2554 1701 2697 negffexiss'et.
1782 2614 1968 2675 Mis1t
2002 2628 2214 2675 tamen
2256 2613 2455 2676 multa
2492 2622 2551 2671 et

573 2637 914 2778 spandida
950 2696 1118 2757 dona
1150 2696 1402 2791 Appio3
1448 2707 1551 2768 et,
1593 2697 1711 2758 illo
1745 2694 2103 2767 recusante,
2145 2696 2335 2778 plura
2370 2695 2550 2756 etiam

570 2790 640 2838 et
718 2776 1048 2839 ulchriora
1083 2775 1339 2856 adjectt.
1389 2797 1425 2839 e
1465 2778 1701 2862 quibus
1739 2776 2028 2862 ΑΡΡίιιε,
2074 2798 2158 2839 ne
2189 2777 2377 2861 quasi
2404 2794 2551 2860 pro-

391 2847 414 2877 4
566 2800 748 2920 senem
800 2858 972 2920 odiis
1024 2859 1379 2943 superbum
1440 2872 1508 2921 et
1557 2873 1894 2943 potentem
1949 2878 2175 2942 regem
2226 2859 2546 2928 irritaret,

565 2960 693 3000 una
735 2939 950 3024 phiala
995 2954 1295 3027 accepta,
1361 2954 1584 3004 cetera
1626 2941 1917 3015 remisit,
1989 2941 2326 3026 celerique
2366 2959 2549 3001 cursu

567 3020 650 3083 ad
687 3021 1148 3106 imperatorem
1194 3044 1380 3084 suum
1423 3021 1513 3086 est
1548 3038 1876 3086 revectus·
2196 3031 2199 3036 “

214 3132 546 3188 Heracleotae
689 3129 802 3190 XI.
863 3131 1033 3191 Toto
1083 3129 1202 3191 illo
1250 3144 1548 3215 tempore
1599 3152 1744 3194 cum
1771 3129 2185 3193 Heracleotis
2228 3129 2551 3213 negotium

194 3216 501 3325 ανῗηκωζ
571 3212 662 3271 Μ.
710 3211 937 3272 Cottae
990 3211 1220 3274 fuerat.
1296 3214 1523 3297 isque,
1571 3214 1805 3276 iterum
1861 3223 2098 3277 tentata
2151 3211 2236 3273 im
2287 3228 2551 3294 rospere

197 3274 266 3327 ’θ
323 3287 543 3326 mmm·
570 3292 1121 3377 oppugnatione,'
1159 3294 1487 3356 Triarium
1516 3327 1521 3332 ·
1547 3295 1921 3370 advocavit,
1986 3294 2066 3357 ad
2116 3234 2549 3378 progibendos

571 3386 993 3444 commeatuse
1033 3374 1144 3458 qui
1175 3375 1448 3439 obseffis
1477 3378 1639 3440 mari
1672 3377 2216 3440 subvehebantur.
2264 3373 2550 3435 Triarius

571 3475 719 3518 cum
753 3455 888 3518 suis
922 3455 1132 3518 tribus
1164 3471 1230 3519 et
1260 3459 1326 3519 vi
1376 3458 1497 3520 inti
1530 3460 1913 3521 triremibus
1935 3503 1951 3534 ,
1995 3456 2229 3541 viginti
2257 3454 2547 3524 Rhodiis,

537 3543 546 3548 ’
619 3558 770 3600 uum
801 3538 1027 3618 Cpttae
1061 3539 1338 3600 nuncian
1387 3561 1494 3601 um
1528 3542 1900 3616 curaviss'et‚
1948 3562 2072 3624 qua
2118 3538 2225 3600 die
2266 3538 2423 3601 effet
2450 3534 2552 3596 ad-

603 3634 829 3681 uturus
850 3661 867 3692 ,
912 3618 981 3680 in
1018 3620 1193 3682 idem
1225 3634 1482 3704 tempus
1526 3643 1717 3702 suum¹
1744 3620 2383 3717 exercitum-‘paravit
2412 3620 2552 3678 Cot-

577 3712 678 3762 ta:
722 3699 1124 3785 acciditque,
1170 3717 1239 3764 ut
1277 3703 1469 3764 simul
1507 3720 1680 3768 terra
1713 3705 2025 3777 Romani,
2071 3703 2263 3765 simul
2292 3699 2548 3765 navibus
2652 3779 2653 3796 Χ

579 3780 662 3844 ad
689 3783 1073 3844 Heracleam
1107 3785 1516 3852 accederent.
1709 3816 1723 3844 ι

239 3869 440 3926 ‘’⁷⁰³¹“
456 3886 558 3925 '⁸⁶’
700 3890 837 3954 XII.
875 3890 1329 3968 Heracleotae,
1376 3911 1451 3957 re
1481 3894 1920 3978 inexspectata
1951 3892 2315 3975 perterriti,
2352 3903 2548 3950 tamen
2650 3947 2651 3950 ,

577 3968 843 4053 triginta
878 3992 1076 4036 naves
1120 3976 1510 4061 semiplenas
1551 3976 1912 4039 deducunt:
1956 3976 2164 4036 ceteri
2206 3974 2284 4037 ad
2317 3971 2550 4058 pellen—
2650 3987 2651 4036 ξ

204 3942 320 3994 vali
335 3942 560 3997 uincun-

206 4023 319 4064 tur.

645 4128 790 4204 Cap.
826 4129 897 4187 xi
937 4133 1239 4189 Memnon.
1273 4130 1530 4206 Appian.
1568 4132 1723 4189 Plut.
1793 4089 1943 4206 Cap.
1975 4136 2076 4192 xl.
2115 4136 2411 4193 Memnon.

2663 2195 2665 2304 A
