2717 4667
166 575 175 604 i

275 395 349 452 U.
385 414 438 450 c.
461 395 592 462 684.

276 466 351 519 A.
374 466 451 520 C.
468 465 558 520 68.

264 532 491 586 Nisibin
503 550 595 607 op·

238 613 471 673 pugnat.

276 996 552 1071 Cupitque.

613 189 737 266 ιμῡ
810 187 2059 255 FREmSH.SUPPLEMENTOR1m
2095 154 2249 253 Lm.
2278 191 2511 255 Lxm.

735 400 1050 464 LXXVII.
1099 395 1526 481 oppugnabat
1559 395 1787 458 urbem
1818 395 2059 457 acriter
2090 385 2600 460 Lucullum-,sed

621 481 859 543 munita
912 478 1155 561 duplici
1210 498 1395 539 muro
1448 468 1731 540 lateritio
1781 498 1913 537 non
1961 477 2214 558 vulgari
2266 476 2594 545 crassitie,

622 564 907 646 foss'aque
947 561 1271 632 altiss'ima,
1332 580 1494 642 quae
1542 572 1608 620 et
1647 557 2082 621 machinarum
2123 559 2253 621 vim
2297 578 2599 632 omnem,

622 659 687 706 et
738 641 1179 706 cuniculorum
1230 639 1417 701 dolos
1459 662 1493 701 a
1529 661 1711 701 muro
1755 638 2172 709 defenderet,
2232 642 2592 722 expugnari

617 725 950 809 nequibat.
1013 722 1258 793 donec,
1305 742 1467 805 quae
1506 742 1725 784 rerum
1759 720 2172 781 humanarum
2213 717 2301 782 est
2337 719 2592 803 fragili-

617 820 749 877 ωε,
792 805 1000 867 hiems
1035 804 1541 887 superveniens,
1587 804 1978 886 exploratam
2020 821 2227 886 prope
2268 822 2456 886 spem
2491 823 2590 864 sa-

614 888 769 950 lutis
808 884 1149 982 iri-pestem
1186 897 1252 946 et
1285 886 1552 947 exitium
1581 884 2049 958 Nisibenorum
2080 884 2302 946 vertit.

733 992 1078 1057 LXXVIII.
1140 989 1401 1066 Obsessi
1440 990 1646 1064 enim,
1710 990 1873 1051 nihil
1910 988 2252 1053 credentes
2297 988 2587 1063 certius,

613 1094 799 1158 quam
885 1069 1109 1156 ropter
1146 1073 1291 1132 anni
1327 1086 1580 1155 tempus
1614 1072 1830 1155 paullo
1861 1069 1999 1156 post
2032 1071 2316 1132 abituros
2349 1073 2590 1131 Roma-

609 1173 732 1216 nos
770 1162 811 1216 e
861 1174 932 1226 e,
977 1153 1413 1236 negligentius
1444 1153 1714 1235 agebant
1743 1153 2079 1216 excubias:
2123 1173 2313 1236 quum
2346 1153 2591 1212 Lucul-

608 1238 744 1309 Ιιιε,
805 1236 1142 1310 observata
1185 1249 1373 1295 nocte
1420 1235 1647 1310 illuni,
1704 1255 1889 1318 quam
1924 1234 2186 1317 insuper
2218 1233 2482 1318 pluviae
2522 1246 2590 1294 et

579 1319 892 1379 ‘tonitrua
928 1314 1441 1387 exsurdaverant,
1487 1317 1567 1377 ad
1598 1337 1846 1376 murum
1878 1316 2240 1399 suggress'us
2269 1312 2376 1375 est.
2444 1314 2589 1398 Op-

609 1398 866 1495 pidani,
915 1397 1237 1481 quidlibet
1272 1397 1491 1481 potius
1581 1396 1935 1469 raestolati,
1984 1397 2204 1480 paucis
2241 1395 2590 1458 admodum

611 1501 697 1558 ιη,
718 1478 1044 1540 exteriore
1076 1492 1382 1550 murotet·
1408 1478 1483 1556 ad
1549 1480 1737 1541 offam
1759 1520 1777 1553 ,
1881 1499 1998 1541 uae
2033 1475 2171 1562 post
2203 1477 2383 1539 illum
2418 1489 2586 1556 erat,

610 1561 899 1632 relictis,
960 1560 1030 1620 in
1065 1560 1289 1621 urbem
1322 1557 1784 1630 (concess'erant.
1897 1561 2073 1644 gitur
2112 1580 2233 1643 per
2267 1582 2298 1619 a
2347 1578 2587 1655 geres,

510 1685 511 1690 κ
612 1662 775 1725 quos
833 1653 979 1702 ante
1033 1662 1283 1703 murum
1324 1640 1599 1721 jecerat,
1661 1640 1897 1706 deinde
1936 1641 2124 1703 scalis
2165 1640 2312 1703 adhi
2361 1653 2478 1701 itis
2516 1640 2587 1700 in

267 2331 392 2385 Arx
407 2346 444 2382 a
454 2330 587 2397 fra.

606 1721 865 1784 moenia
898 1721 1131 1795 enisus,
1175 1720 1765 1787 custodibusfacile
1801 1722 2116 1808 oppress'is
2139 1766 2155 1795 ‚
2201 1723 2397 1785 foss'ae
2433 1743 2588 1804 par-

608 1818 741 1865 tem
783 1806 1054 1887 (pontes
1106 1804 1276 1865 enim
1318 1804 1579 1866 barbari
1627 1804 2084 1885 removerant)
2125 1800 2361 1888 ingesta
2402 1816 2587 1865 terra

610 1886 925 1968 compleri
966 1885 1164 1965 jubet.
1264 1885 1458 1980 Quod
1495 1886 1605 1948 ubi
1641 1888 1867 1968 majori
1901 1908 2042 1949 cum
2073 1886 2334 1959 labore,
2391 1905 2585 1967 quam

603 1968 941 2061 periculo,
999 1967 1364 2049 perfectum
1403 1965 1525 2040 est,
1590 1972 1738 2053 quia
1786 1988 1997 2052 neque
2051 1970 2310 2051 sagittas
2363 1986 2583 2049 neque

604 2051 791 2130 ignes
838 2048 1052 2129 jacere
1103 2047 1404 2122 barbari,
1477 2051 1694 2133 pluvia
1746 2064 2085 2134 utrumque
2137 2047 2579 2133 impediente,

605 2142 987 2210 potuerant3
1031 2130 1197 2190 alter
1238 2150 1496 2216 quoque
1535 2153 1792 2204 murus,
1842 2133 1952 2214 qui
1995 2131 2208 2215 priori
2249 2127 2577 2211 haudqua-

609 2230 796 2292 quam
838 2210 1230 2272 firmitudine
1268 2213 1731 2295 comparandus
1770 2227 1944 2286 erat,
1989 2226 2325 2298 superatus
2364 2210 2481 2275 est.

729 2303 1014 2378 LXXIX.
1056 2316 1231 2379 Urbe
1272 2318 1369 2378 sic
1406 2331 1606 2401 capta,
1655 2319 1886 2390 Guras,
1930 2319 2043 2415 qui
2078 2319 2144 2379 in
2174 2314 2390 2380 arcem
2421 2336 2573 2381 con-

236 2411 319 2451 tre
342 2400 587 2466 ”granis
611 2394 864 2480 fugerat
883 2441 929 2475 ,a
947 2413 1088 2461 cum
1132 2400 1402 2471 ceteriS‚
1449 2398 1576 2460 fide
1609 2405 1903 2483 accepta,
1949 2422 2017 2462 m
2056 2395 2428 2497 potestatem
2464 2419 2577 2461 ve-

168 2513 174 2522 ,
237 2467 466 2550 deditur·

248 3168 304 3232 Q.
330 3163 576 3222 Metellus

230 3237 561 3290 cretensibus

231 3305 421 3358 belluna
462 3306 544 3358 in·

216 3371 358 3437 fere.

607 2479 1183 2564 nit,*com'iterque
1237 2477 1325 2541 est
1374 2481 1451 2542 ab
1502 2481 1892 2565 imperatore
1942 2481 2219 2562 habitus.
2302 2479 2580 2543 Diversa

609 2560 976 2634 Callimachi
1010 2583 1154 2623 sors
1184 2561 1357 2634 fuit,
1405 2583 1629 2646 quem,
1689 2562 1848 2624 licet
1886 2563 2191 2624 maximos
2236 2561 2579 2624 thesauros

603 2641 1008 2704 absconditos
1037 2642 1461 2705 indicaturum
1492 2645 1932 2729 promitteret,
1975 2643 2397 2729 compedibus
2429 2644 2584 2704 vin-

603 2723 727 2782 ciri
755 2723 955 2801 juffit,
1048 2744 1240 2786 oenas
1274 2723 1589 2799 daturum,
1633 2725 1829 2811 quod,
1874 2726 2204 2809 desperata
2220 2726 2431 2787 Amisi
2460 2725 2582 2787 de-

600 2802 902 2866 fensione
926 2845 944 2877 ,
1018 2806 1245 2888 ugiens
1290 2807 1597 2890 oppidum
1633 2807 2035 2870 incendiffet.
2117 2811 2316 2868 Tanta
2354 2807 2581 2868 felici-

600 2897 730 2946 tate
764 2899 944 2969 capta
968 2886 1213 2950 Nisibis
1249 2907 1379 2958 non
1415 2889 1619 2949 solum
1654 2910 1753 2950 ma
1800 2889 1902 2951 nis
1937 2888 2167 2974 opibus
2196 2887 2422 2950 ditavit
2453 2887 2582 2948 im-

598 2980 1004 3049 peratorem,
1052 2968 1168 3030 sed
1219 2968 1410 3031 etiam
1451 2969 1734 3054 fatigatis
1805 2971 2003 3035 abore
2050 2984 2116 3032 et
2158 2970 2411 3053 frigore
2461 2989 2580 3032 co-

597 3047 729 3131 piis
765 3047 1281 3112 abundantiss‘ima
1316 3051 1587 3113 hiberna
1620 3052 1939 3136 praebuit.
2510 3059 2526 3078 ‘

717 3156 973 3217 LXXX.
1029 3157 1196 3217 Dum
1229 3159 1303 3218 inf
1324 3159 1628 3227 Armenia
1661 3162 1737 3220 L.
1767 3158 2073 3221 Lucullus
2102 3155 2575 3232 Mithridatem,

602 3249 667 3297 et
689 3237 1032 3320 Tigranem
1052 3279 1070 3309 ,
1117 3253 1183 3300 et
1214 3240 1549 3303 immensas
1586 3241 1923 3324 utriusque
1955 3242 2135 3324 regis
2168 3236 2390 3321 copias
2422 3239 2576 3321 plu-

597 3317 781 3378 ribus
814 3314 1085 3402 proeliis
1119 3319 1367 3397 sundit3
1414 3321 1495 3401 Q.
1533 3323 1849 3387 Caecilius
1886 3322 2185 3383 Metellus
2217 3319 2574 3402 proconsul

598 3420 743 3462 cum
777 3401 986 3463 tribus
1024 3401 1407 3483 legionibus·
1432 3405 1498 3462 in
1529 3405 1782 3465 Cretam
1827 3401 1912 3463 est
1951 3416 2321 3486 provectus».
2403 3402 2570 3462 Cre-

492 3529 503 3548 s
594 3495 848 3553 tenses,
893 3482 1066 3546 victo
1093 3483 1412 3556 Antonio,
1458 3485 1705 3568 legatos
1738 3487 2004 3559 Romam
2042 3485 2381 3554 miserant,
2426 3503 2566 3543 ma-

594 3584 716 3646 gna
756 3585 871 3647 spe
908 3565 1089 3637 fore,
1147 3579 1219 3626 ut
1265 3585 1396 3624 non
1444 3566 1724 3649 antiquis
1757 3565 1950 3626 modo
1987 3565 2240 3661 legibus
2277 3563 2567 3626 amicitia

590 3647 848 3707 redinte
930 3646 1025 3705 ari
1070 3647 1309 3729 poss'et,
1377 3646 1495 3710 sed
1546 3649 1734 3709 etiam
1781 3647 1953 3709 ultro
2003 3645 2264 3731 aliquod
2308 3643 2567 3706 benefi-

591 3727 762 3789 cium
816 3666 1241 3807 adiiceretur,
1313 3727 1398 3790 ob
1456 3743 1778 3794 servatum
1835 3728 2110 3791 comiter
2162 3724 2567 3813 quaestorem

872 3803 877 3814 ῐ

2304 3807 2483 3870 mili-

631 3938 799 4060 lCapt
830 3937 1117 4022 LXXVII.
1167 3897 1305 3996 filo.
1389 3942 1534 4024 Cap.
1584 3937 1831 3998 LXXIX.
1891 3941 2072 3998 Eutro
2120 3978 2137 3995 .
2185 3943 2380 4034 Oros.¹
2422 3943 2562 3997 Dlo.

580 4007 928 4135 affinga&
953 4011 1643 4154 Affiankxeypgiollziuff
1741 4039 1756 4065 a
1775 4009 2061 4141 ἷιῆἕιζίῒ.
2124 4012 2294 4069 meh·
2333 4013 2560 4071 obrem
