2717 4667
566 293 701 401 '454
801 299 1204 387 muman.
1253 297 2092 386 surrmmm'roam
2134 322 2284 388 Lm.
2313 322 2528 391 va.

229 525 909 601 U.'c.684xx11.
970 509 1117 595 Hoc
1162 497 1526 615 proelium,
1586 530 1875 594 detracta
1919 531 2135 628 regi&
2161 554 2351 618 quam
2385 532 2593 596 babe-

214 603 556 727 Ιῧιςιιξὲῧῗὶϋ
580 614 690 679 bat
730 616 798 678 in
837 613 1244 702 equestribus
1284 614 1496 700 copiis
1519 656 1538 688 ,
1590 610 1864 687 fiducia,
1926 631 2175 697 magnis
2225 615 2593 679 commodis

196 757 284 797 ns
305 751 517 798 anne·
583 697 903 760 victorem
942 696 1301 759 exercitum
1335 695 1545 758 auxit:
1585 694 1778 758 brevi
1828 713 1907 756 ue
1941 694 2223 759 liberior
2247 696 2447 781 ipsis,
2479 719 2590 759 an-

630 862 760 936 ris,
823 861 1121 944 inopiam·
1168 874 1235 922 et
1281 858 1457 945 pene
1517 858 2040 944 desperationem
2093 862 2299 945 regiis
2351 860 2591 935 attulit.

577 946 738 1005 Nam
774 941 843 1003 in
875 941 1297 1026 regionibus,
1342 941 1564 1027 paullo
1598 955 1748 1003 ante
1782 961 1907 1025 per
1939 942 2278 1005 Lucullum
2314 941 2594 1017 vastatis,

580 1025 850 1109 exiguae
897 1024 1126 1108 copiae
1167 1038 1389 1102 erant3
1447 1044 1663 1109 neque
1702 1023 1903 1085 acciri
1937 1021 2236 1107 longius,
2296 1025 2593 1110 equitatu

577 1127 806 1191 magna
853 1126 934 1166 ex
973 1119 1159 1191 parte
1201 1106 1462 1179 amfflb,
1527 1108 1854 1191 poterant.
1942 1105 2151 1188 Igitur
2200 1106 2439 1170 crebra
2478 1106 2596 1168 fie-

575 1187 731 1250 bant
758 1188 839 1252 ad
864 1186 1250 1273 Pompeium
1278 1186 1641 1271 transfugia
1661 1230 1679 1261 ‚
1724 1187 1960 1271 quibus
1994 1185 2301 1252 efferatus
2327 1188 2596 1251 Mithri-

578 1269 798 1343 dates,
845 1289 1033 1366 .quos
1080 1268 1310 1331 eadem
1354 1269 1621 1331 molitos
1666 1283 2102 1353 cognoverat,
2164 1270 2597 1333 acerbissimis
2709 1295 2710 1318 1

488 1398 493 1410 .
579 1348 1331 1494 sugpliciisadficiebat.
1416 1350 1575 1413 Inde
1664 1352 1964 1415 auciores
2002 1350 2299 1433 jam,¹·oh
2340 1351 2597 1436 magni-

577 1446 650 1496 tu

699 1454 871 1495 mem
903 1452 1166 1529 ⁸poenae
1207 1432 1547 1495 deterritis
1585 1457 1628 1519 p
1658 1434 1965 1527 erisque,
2031 1433 2599 1518 transfugiebant:

581 1515 700 1576 sed
733 1531 865 1576 nou
898 1514 1054 1576 ideo
1095 1516 1374 1578 cess'abat
1405 1516 1679 1602 penuria
1702 1558 1719 1587 ‚
1765 1535 1929 1599 quae
1962 1516 2219 1578 tandem
2258 1517 2461 1579 etiam
2497 1518 2596 1579 in-

463 1684 468 1689 ·
577 1598 783 1660 vitum
815 1596 896 1658 ad
926 1597 1249 1662 interiora
1279 1598 1472 1681 regni
1509 1598 1612 1660 sui
1642 1596 2087 1660 Mithridatem
2122 1599 2429 1662 retrusit.

697 1689 931 1766 xxm.
990 1704 1128 1765 Una
1176 1723 1328 1788 spes
1375 1703 1886 1778 erat‘futurum‚
1952 1717 2024 1767 ut
2070 1704 2137 1766 in
2183 1704 2353 1766 locis
2415 1704 2596 1768 omni

574 1782 763 1848 'clade
817 1784 979 1848 belli
1033 1786 1286 1848 vexatis
1344 1805 1478 1849 non
1516 1785 1643 1850 'diu
1695 1784 1935 1848 durare
1974 1783 2304 1850 Romanus
2354 1788 2594 1883 poss'et.

579 1886 719 1928 eam
763 1867 1014 1929 irritam
1048 1867 1349 1954 Pompeii
1385 1868 1803 1953 providentia
1840 1868 2038 1943 fecit,
2099 1870 2241 1954 qui,
2309 1867 2592 1933 dimiss'is

582 1947 663 2009 ad
695 1948 921 2035 longin
970 1958 1048 2009 ua
1086 1948 1703 2023 frumentatoribus,
1751 1950 2085 2012 maximam
2122 1958 2421 2013 annonae
2460 1952 2593 2013 vim

224 2046 617 2115 Ejuscastraa
654 2043 845 2115 tergo
884 2053 960 2094 su
1009 2028 1157 2093 vehi
1193 2031 1475 2110 jufferat.
1561 2025 1775 2128 Quum
1809 2033 1967 2095 ess'et
2003 2032 2274 2129 adeptus
2311 2032 2589 2107 hostem,

193 2115 557 2168 circumvalla·
583 2110 663 2173 ad
707 2112 1093 2175 orientalem
1139 2114 1325 2196 regni
1366 2115 1471 2198 pla
1521 2134 1619 2176 am
1661 2113 1992 2177 redactum
2014 2157 2030 2188 ‚
2092 2116 2593 2178 circumvallare

198 2199 258 2235 θ’*
290 2184 530 2266 ὶϋβξωῖ*
579 2214 864 2277 pugnam
910 2194 1335 2258 detrectantis
1384 2132 1579 2258 casira
1624 2195 1844 2279 coepit
1884 2197 2060 2260 vallo
2094 2197 2331 2294 viginti
2370 2197 2591 2260 ferme

197 2249 502 2323 smp‘ffl'·
579 2276 993 2373 milliarium,
1045 2276 1434 2365 crebrisque
1474 2277 1546 2341 in
1585 2277 1928 2343 circumitu
1962 2276 2236 2342 castellis
2272 2276 2594 2342 exaedifi-

578 2371 765 2421 catls.
1639 2375 1643 2384 '

698 2466 932 2532 xxlv.
978 2465 1077 2529 Id·
1101 2488 1140 2528 o
1189 2488 1266 2544 us
1301 2464 1753 2541 Mithridates,
1810 2466 1949 2529 sive
1986 2466 2314 2550 proelium
2345 2466 2592 2540 vitans,

576 2548 717 2610 sive
754 2568 877 2633 per
912 2548 1131 2633 impru
1179 2548 1418 2611 entiam
1440 2591 1458 2623 ,
1499 2561 1670 2632 quae
1714 2549 1925 2611 ferme
1964 2548 2370 2632 praecedere
2422 2550 2593 2611 cala-

573 2630 864 2691 mitatem
917 2631 1124 2707 solet,
1189 2652 1322 2693 non
1373 2630 1737 2714 impedivit.
1821 2633 2017 2694 Fame
2063 2651 2212 2693 mox
2254 2645 2583 2713 urgente,

576 2710 896 2796 quidquid
928 2714 1004 2773 in
1051 2712 1272 2776 castris
1312 2711 1751 2793 jumentorum
1794 2727 1971 2787 erat,
2018 2712 2455 2796 consumpsit:
2503 2733 2585 2775 ne

578 2794 676 2854 sic
727 2794 991 2877 quidem
1038 2793 1208 2858 ultra
1264 2794 1552 2877 'quinque
1610 2807 1676 2856 et
1722 2793 2139 2878 quadraginta
2194 2794 2344 2857 dies
2395 2793 2586 2858 suffi-

581 2874 798 2937 ciente
847 2877 1049 2940 vic'tu.
1133 2879 1488 2940 Praeterea
1529 2877 1770 2939 multos
1817 2875 1897 2937 ad
1928 2877 2308 2961 Pompeium
2345 2878 2588 2938 Roma-

578 2975 702 3019 nos
748 2957 991 3020 milites
1038 2960 1273 3023 venire
1323 2956 1660 3041 quotidie,
1724 2972 2059 3043 totumque
2096 2958 2328 3020 Marcii
2368 2958 2580 3042 Regis

256 3060 551 3117 Makra„
580 3039 937 3102 exercitum
959 3083 976 3114 ,
1041 3038 1386 3118 ‹Uicta-at.⁴
1471 3038 1712 3124 Igitur,
1772 3038 1989 3124 fugam
2034 3041 2353 3103 meditans
2373 3083 2393 3113 ‚
2452 3058 2581 3125 quo

202 3142 283 3182 ns
316 3134 520 3200 fugam
580 3122 922 3187 consilium
969 3143 1153 3184 suum
1193 3122 1520 3186 occultum
1557 3121 1770 3196 foret,
1833 3122 2029 3185 solito
2063 3123 2294 3196 latina,
2352 3137 2424 3184 et
2471 3143 2583 3183 us-

199 3201 512 3257 mdsstawr·
578 3225 707 3287 que
743 3202 824 3264 ad
858 3205 1063 3268 valles
1098 3220 1247 3269 ante
1276 3203 1578 3287 Pompe'i
1614 3202 1808 3266 castra
1845 3205 2002 3265 sitas
2083 3205 2400 3277 abulatus‚
2443 3203 2582 3265 col-

576 3285 799 3371 loquia
845 3293 1107 3371 quoq‘ue
1157 3308 1301 3350 cum
1350 3286 1689 3370 plurius,
1754 3300 2021 3349 averten
2072 3308 2146 3350 ae
2181 3284 2584 3371 suspicionis

578 3369 820 3440 cauffa,
886 3370 954 3431 in
1005 3368 1322 3452 posteram
1378 3367 1549 3429 diem
1599 3367 1942 3431 constituit.
2025 3368 2289 3454 Ignibus
2340 3365 2587 3429 deinde

576 3450 684 3511 fre
734 3451 1142 3514 nentioribus
1196 3473 1319 3536 per
1374 3463 1506 3511 tota
1560 3448 1758 3512 castra
1810 3446 1956 3511 fieri
2010 3451 2230 3534 juliis,
2296 3446 2587 3512 secunda

578 3471 845 3614 vigilia,
901 3533 1067 3597 nibil
1122 3534 1250 3596 tale
1313 3532 1686 3615 suspicante
1724 3532 2076 3615 Pompejo,
2136 3546 2403 3617 praeter
2445 3530 2586 3592 val-

578 3611 715 3674 lum
757 3616 898 3697 ejus
945 3614 1167 3678 eduxit
1209 3615 1484 3688 validam
1525 3615 1853 3700 copiarum
1895 3629 2191 3697 partem:
2233 3635 2430 3698 quum
2469 3633 2586 3672 an-

581 3707 724 3769 tea,
795 3694 971 3785 quod
1017 3698 1249 3762 inutile
1301 3712 1370 3761 et
1414 3716 1678 3781 aegrum
1719 3698 1787 3760 in
1832 3694 2051 3760 castris
2088 3697 2339 3770 fuerat,
2402 3694 2586 3770 occi-

586 3774 794 3840 diss’et.
937 3791 943 3797 ·
1394 3791 1398 3798 “

288 3876 541 3947 Tigrants
707 3860 913 3926 XXV.
958 3857 1064 3924 Ad
1090 3858 1176 3923 Ti
1223 3881 1447 3924 ranem
1478 3859 1756 3923 babebat
1791 3861 1923 3923 iter
1944 3903 1964 3934 ‚
1999 3872 2099 3921 -ut
2129 3859 2308 3922 illius
2339 3858 2580 3943 opibus

210 3961 296 4002 m
316 3949 509 4012 malae.
580 3954 1069 4027 protegeretur.
1222 3942 1305 4006 ed
1358 3940 1531 4008 baud
1580 3944 1785 4005 multo
1845 3942 2121 4006 meliore
2162 3942 2232 4005 iu
2270 3939 2431 4006 statu
2465 3961 2579 4005 rec

653 4091 804 4164 Gap.
834 4092 1013 4150 xxn.
1054 4094 1328 4152 Frontin.
1366 4095 1505 4151 Dio.
1543 4081 1797 4168 Appiam
1867 4088 2243 4168 Gap.xxl11.
2279 4086 2420 4146 Dio·
2454 4085 2579 4168 Ap·

631 4159 745 4213 ian.
794 4162 1068 4219 Frontin.
1104 4187 1151 4232 ι,
1190 4186 1236 4220 ι.
1277 4164 1432 4221 P-lut.
1468 4162 1559 4238 Ap
1607 4165 1721 4219 ian.
1793 4161 1939 4236 Cap.
1972 4159 2180 4216 XXIV.
2232 4156 2389 4212 Plut.
2434 4157 2572 4214 Dio·

633 4228 852 4286 rontin.
887 4229 1141 4307 Appian.
1178 4232 1315 4291 Dio.
1349 4233 1504 4293 Plut.
1597 4232 1682 4292 ios
1709 4239 1722 4268 Γ
1754 4231 1900 4310 Cap.
1934 4230 2115 4306 XXV.
2151 4225 2289 4301 Dio,
2321 4225 2364 4284 l.
2394 4225 2488 4298 37·

2708 583 2710 660 ι

578 777 824 924 {uilior
873 777 1038 841 hosti
1086 778 1508 841 frumentatio
1532 820 1550 852 ‚
1620 776 1786 839 abun
1838 776 2086 839 antiam‘
2117 780 2436 841 Romanis
2493 800 2597 842 ca·
2709 787 2710 814 ¹
