2717 4667
533 222 619 284 m
661 171 961 282 Locum
999 179 1747 291 Lm.xcv11i.L1v11.
2004 224 2129 299 405

137 421 667 486 existimabantur
703 424 983 502 venisse3
1042 426 1255 486 omnia
1300 426 1467 509 apud
1513 427 1822 491 barbaros
1866 430 2127 494 audacia

37 527 38 530 ¹
134 505 471 588 minisque
505 504 855 600 personare
886 521 1276 590 coeperunt3
1319 513 1534 593 neque
1567 510 1633 570 in
1667 511 1986 575 conviviis
2018 533 2125 575 re-

134 587 281 670 gis,
351 608 569 671 neque
619 587 686 647 in
731 587 1040 662 consilio,
1106 588 1250 650 aliis
1293 604 1433 651 erat
1468 592 1877 654 sermonibus
1918 593 2122 662 locus.

137 669 447 740 Taxiles,
514 670 663 753 quia
697 683 830 729 tum
873 689 1129 764 quoque
1169 691 1446 753 pugnam
1489 672 1753 768 oblique
1793 674 2128 738 dissuade-

139 749 280 823 bat,
330 753 402 811 in
439 751 803 833 periculum
838 764 1011 812 vitae
1047 749 1359 813 adductus
1401 751 1522 814 est:
1565 755 1975 830 Mithridates
2006 778 2128 843 pro

145 832 414 912 aemule}
449 832 779 893 traductus
801 876 819 904 ,
873 832 985 916 qui
1023 846 1256 894 tantam
1296 835 1571 916 gloriam
1607 839 1840 898 socero
1871 837 2128 901 invide-

139 928 259 982 ret.
350 914 602 996 Igitur,
647 934 775 973 non
817 928 1188 998 exspectato
1228 914 1364 984 illo,
1411 938 1495 978 ne
1530 918 1786 979 veniret
1823 921 1890 980 in
1920 921 2129 982 victo-

138 997 278 1072 riae
329 995 748 1068 societatem,
811 997 1130 1093 Tigranes
1181 1009 1319 1057 toto
1365 1016 1508 1058 cum
1552 1001 1842 1061 exercitu
1887 1003 2125 1076 movit,

135 1077 305 1137 nihil
345 1098 553 1160 aeque
594 1076 764 1161 apud
800 1097 1063 1152 amicos,
1107 1091 1177 1139 ut
1211 1075 1570 1153 ferebatur,
1618 1078 1892 1165 questus,
1941 1104 2130 1169 quam

133 1164 281 1239 quod
325 1169 448 1217 cum
487 1180 592 1217 uno
634 1178 846 1218 tantum
876 1159 1103 1220 Lucullo
1124 1201 1142 1232 ,
1201 1179 1265 1219 ac
1299 1181 1405 1220 non
1423 1159 1594 1243 fimul
1624 1161 1865 1223 omnibus
1896 1163 2130 1227 Romani

127 1240 323 1322 populi
359 1239 619 1313 ducibus,
666 1241 937 1301 dimicatio
970 1239 1218 1319 instaret.

256 1375 454 1435 XLII.
496 1374 582 1433 Et
622 1386 805 1435 erant
846 1393 959 1435 eae
992 1371 1191 1443 vires,
1244 1392 1408 1456 quae
1449 1371 1899 1436 modestiorem
1935 1376 2123 1438 etiam

146 1619 650 1704 quinquaginta:
695 1639 969 1703 quorum
1011 1616 1115 1694 (ut
1149 1639 1182 1677 a
1269 1631 1555 1677 senatum
1593 1618 1860 1702 scripsit
1893 1623 2130 1682 Lucul-

142 1702 290 1781 lus)
324 1700 783 1784 septemdecim
817 1699 1017 1760 millia
1052 1698 1445 1784 cataphracti
1489 1713 1692 1770 erant,
1739 1700 1958 1763 ferrea
1993 1721 2130 1763 om-

154 1783 229 1844 ni
268 1784 493 1866 specie.
562 1783 684 1842 His
729 1781 943 1863 gravis
981 1795 1339 1842 armaturae
1373 1782 1614 1841 milites
1655 1796 1908 1843 centum
1939 1784 2127 1867 quin.

159 1866 444 1949 quaginta
480 1864 682 1924 millia
724 1864 1132 1925 accefferant.
1179 1862 1472 1923 calonum
1510 1883 1770 1946 quoque
1818 1878 1881 1925 et
1919 1866 2128 1926 muni-

150 1960 391 2019 torum,
455 1946 533 2010 ad
589 1958 821 2028 pontes
879 1941 1293 2015 sternendOS,
1365 1944 1883 2027 caedendamque
1926 1960 2127 2009 mate-

139 2029 342 2102 riem,
400 2043 467 2091 et
502 2026 754 2089 similes
784 2025 967 2100 usus,
1024 2025 1288 2107 triginta
1330 2026 1619 2121 quinque
1653 2027 1855 2090 millia
1894 2049 2126 2112 seque-

138 2110 390 2174 bantur.
493 2109 638 2170 Hoc
689 2122 930 2170 tantum
986 2127 1226 2191 agmen»
1271 2105 1385 2168 ubi
1435 2129 1752 2191 primum,
1820 2123 2125 2193 superato

142 2196 354 2253 Tauro
379 2234 396 2265 ,
463 2190 750 2283 conspici
788 2211 823 2252 a
858 2188 1347 2272 Tigranocertis
1381 2189 1628 2271 potuit,
1691 2188 1984 2264 obsessi,
2043 2211 2126 2253 ex

139 2286 312 2336 metu
357 2273 428 2333 in
475 2272 800 2335 audaciam
844 2271 1060 2343 versi,
1118 2269 1446 2335 Romanos
1490 2270 1827 2354 respicere
1869 2272 2124 2336 minita-

138 2354 338 2419 bundi
375 2353 703 2435 jubebant.

251 2492 487 2552 XLIII.
544 2487 630 2549 At
671 2486 742 2548 in
779 2482 1126 2568 principiis
1161 2481 1471 2543 Romanis
1523 2480 1818 2543 diversae
1862 2494 2125 2544 senten!

132 2575 259 2635 tiae
313 2571 734 2633 dicebantur=
800 2563 1181 2650 quibusdam
1225 2563 1698 2625 occurrendum
1740 2563 1914 2644 regi,
1973 2562 2120 2623 aliis

133 2677 262 2717 non
318 2654 450 2715 effe
502 2647 920 2713 deserendam
963 2645 1374 2708 obsidionem
1417 2643 1909 2706 affirmantibus.
1991 2646 2121 2704 Lu-

133 2738 386 2810 cullus,
445 2748 759 2817 utrosque
794 2743 976 2791 recte
1015 2727 1327 2789 censuisse
1368 2725 1634 2798 dicens,
1696 2737 1770 2788 et‘
1810 2721 2118 2799 neutros,

132 2819 364 2882 divisit
401 2816 653 2900 copias,
715 2816 1114 2892 Murenaque
1165 2829 1308 2870 cum
1354 2829 1470 2870 sex
1502 2807 1796 2892 peditum
1832 2806 2120 2869 millibus

132 2902 194 2962 in
231 2897 459 2961 castris
487 2897 720 2959 relicto
740 2937 758 2968 ,
806 2906 1081 2977 quatuor
1116 2905 1182 2952 et
1214 2890 1453 2973 viginti
1486 2889 1791 2952 cohortes
1812 2931 1829 2962 ‚
1877 2888 1945 2949 in
1976 2888 2120 2971 qui-

130 2984 251 3045 bus
287 2978 466 3044 haud
501 2990 686 3040 erant
719 2974 992 3059 amplius
1028 2972 1251 3035 decem
1286 2985 1676 3033 armatorum
1709 2970 1932 3043 millia,
1963 2977 2119 3031 'cum

130 3063 308 3127 omni
348 3062 635 3150 equitatu
654 3103 670 3133 ,
729 3071 795 3121 et
828 3053 1231 3120 funditorum
1269 3052 1746 3139 sagittariorum
1782 3051 1963 3114 mille
1999 3050 2117 3113 du·

130 3149 217 3210 cit
254 3147 327 3208 in
362 3142 737 3207 Armenios.

241 3267 479 3332 XLIV.
522 3264 660 3338 llli,
705 3260 952 3360 patenti
1008 3260 1073 3322 in
1129 3275 1352 3340 campo
1408 3254 1585 3353 juxta
1632 3254 1871 3318 flumen
1921 3252 2117 3350 calira

127 3365 482 3415 metantem
516 3344 901 3429 conspicati,
949 3353 1313 3436 contempta
1354 3353 1715 3421 paucitate,
1756 3336 1977 3398 ludum
2014 3356 2116 3415 Jo-

33 3469 34 3510 ς
130 3451 410 3516 cumque
435 3427 778 3491 faciebant.
823 3444 1037 3507 neque
1069 3439 1405 3507 quisquam
1435 3433 1575 3515 eorat
1595 3439 1819 3501 regum
1851 3417 2116 3479 ducum-

127 3536 208 3581 ve
231 3557 250 3588 ,
299 3512 512 3600 quim·
538 3509 712 3574 adito
741 3507 1023 3589 Tigrane
1044 3548 1061 3578 ,
1108 3503 1234 3565 sibi
1272 3521 1551 3596 seorsim
1580 3520 1858 3586 pugnam
1880 3497 2114 3594 ‘posce-

127 3611 267 3661 ret:
328 3613 495 3678 neque
540 3595 678 3651 enim
722 3592 959 3649 attinere
976 3629 992 3656 ,
1056 3605 1270 3645 tantum
1302 3593 1602 3640 exetcttum
1640 3601 1751 3641 tam
1782 3580 1889 3639 lem
1922 3595 2113 3660 operae

2190 1389 2442 1459 Tigranis

35 1525 38 1528 Α
139 1456 417 1518 animum
461 1453 701 1516 efferre
790 1456 1110 1518 otuiss'ent.
1170 1451 1540 1516 funditores
1579 1468 1645 1515 et
1681 1457 1997 1539 sagittarii
2027 1459 2122 1520 vi·
2147 1462 2347 1529 copiae.

141 1539 307 1626 giuti
359 1537 563 1598 millia
600 1546 741 1620 'exp
774 1549 1073 1614 everant3
1152 1535 1409 1679 eguites
1468 1537 1668 1596 millia
1728 1538 2012 1621 quinque
2067 1554 2134 1602 et

2182 2659 2409 2744 Lnga-ulli

2146 2747 2347 2804 captae.

124 3683 312 3761 pretio
331 3676 596 3756 sativari.
681 3670 894 3734 Etiam
932 3665 1250 3751 Tigranes
1289 3664 1541 3725 facetus
1580 3663 1710 3724 effe
1750 3659 1978 3733 voluit,
2021 3672 2110 3733 et,
2196 3717 2201 3726 ,

33 3837 34 3842 η
132 3758 413 3842 Siquidem
447 3728 510 3816 Za·
540 3771 645 3835 pro
678 3751 869 3834 legatis
895 3792 912 3822 ,
957 3749 1170 3833 inquit
1192 3790 1209 3821 ‚
1252 3746 1486 3827 adsum,
1525 3745 1720 3826 oppido
1757 3741 1919 3803 multi
1938 3740 2114 3826 fiam,-

33 3885 34 3888 ,
121 3840 210 3923 fin
242 3859 376 3901 vero
408 3847 516 3918 pro
551 3831 939 3906 bellatoribus,
963 3832 1178 3912 -oppido
1198 3832 1381 3911 pauci.

33 4059 34 4082 ³
205 4047 351 4118 Cap.
380 4044 528 4099 XLI.
578 4039 730 4097 mut.
804 4039 950 4110 Cap.
986 4038 1176 4118 XLII..
1205 4034 1345 4118 §alh
1387 4032 1526 4089 nist.
1561 4033 1626 4104 4,
1659 4049 1713 4103 9.
1744 4032 1897 4112 Plut.
1966 4031 2113 4107 Cap.

135 4116 331 4228 XJJIV.
374 4112 644 4216 Appiam.⁴
664 4110 966 4184 Memnon.
1004 4104 1287 4182 Xiphtlm.
1327 4099 1482 4161 Plut.
1571 4214 1575 4220 .
