2717 4667
589 244 681 312 m
720 241 1024 311 metm
1063 241 1440 331 ιω.οπ
1480 244 1715 318 mvn.
1920 226 1929 251 ¹
2040 246 2163 335 ⁶4⁹
2258 182 2315 295 ἰ

165 477 319 556 cum
353 458 701 558 Ppntinius
736 416 1046 533 babebat,
1062 537 1079 555 ⁰
1103 470 1171 520 et
1207 455 1540 535 consulem
1575 456 1899 555 Appium}
1951 484 1988 523 a
2022 481 2154 547 quo
2210 457 2285 517 U.
2306 477 2360 518 e.
2376 457 2504 531 698.

164 538 1333 707 zzzzffffzzcmasssffxaffffi
1355 537 1890 605 mam...
1920 542 2153 608 Μ·
2210 528 2283 587 *·
2299 531 2369 589 ⁰·
2391 535 2486 602 ⁵⁴·
2602 602 2613 609 „

286 755 433 818 XII.
473 754 759 838 Maiores
800 755 875 828 in*
907 753 1134 818 eadem
1155 753 1395 819 ‘Gallia‘
1415 774 1528 818 res
1563 753 1801 821 iisdem
1834 754 2151 843 tempori·
2208 759 2506 819 Ambiorix

160 833 287 897 bus
319 839 390 900 C.
422 837 663 900 Caesar
695 836 1004 920 gerebat,
1047 836 1432 900 Eburonum
1468 836 1839 901 rebellione
1874 840 2150 918 excitus,
2174 830 2439 887 R’m'm

162 918 279 1001 qui
299 960 318 992 ,
359 919 621 985 nunciis
658 917 1082 982 Indutiomari
1116 916 1380 982 Treviri
1413 918 1934 1006 impellentibus,
1983 920 2155 989 duce
2172 900 2373 960 “³⁴³''

158 999 553 1086 Ambiorige
574 1043 591 1074 ,
657 1003 734 1064 L.
780 998 1291 1081 Aurunculeium
1317 1000 1590 1067 Cottam
1610 1043 1630 1075 ,
1694 1001 1779 1097 Q.
1823 1003 2154 1075 Titurium

159 1080 473 1145 Sabinum
508 1082 761 1166 legatos
798 1081 1097 1146 Caesaris
1133 1102 1279 1145 cum
1315 1081 1698 1147 cohortibus
1741 1084 2153 1161 occiderunt,

156 1164 254 1228 Id.
266 1162 696 1226 infortunium
732 1164 922 1248 culpa
952 1178 1147 1248 atque
1178 1163 1547 1227 temeritate
1588 1164 1671 1251 Q.
1700 1167 1943 1229 Titurii
1978 1169 2153 1233 acci-

157 1244 293 1308 dit:
348 1266 477 1329 quo
522 1246 939 1331 impellente,
983 1244 1179 1308 castra
1218 1245 1512 1308 feliciter
1552 1245 1824 1311 defensa
1860 1250 2153 1335 relique-

154 1340 312 1391 runt
351 1327 628 1402 milites,
690 1326 770 1389 ad
864 1327 1421 1391 mxima-suorum
1460 1326 1738 1391 hiberna
1781 1332 2148 1396 transituri.

154 1411 318 1473 Nam
353 1407 769 1472 fraudulento
803 1349 1011 1471 gostis
1034 1408 1313 1472 consilio
1347 1405 1809 1485 crediderunt,
1870 1400 2150 1489 amicum

158 1511 234 1555 se
271 1490 588 1564 ferentis,
651 1510 866 1587 neque
905 1511 935 1550 s
985 1504 1139 1553 onte
1175 1489 1255 1552 ad
1292 1491 1723 1586 oppugnanda
1760 1491 1956 1556 castra
1989 1514 2150 1579 pro-

151 1571 439 1650 fectum3
507 1571 626 1635 sed
670 1593 820 1657 quia
850 1572 948 1634 Ga
975 1571 1189 1633 lorum
1230 1590 1516 1635 omnium
1561 1594 1638 1636 ea
1683 1575 1840 1637 ess'et
1879 1576 2148 1660 conspi-

150 1655 364 1727 ratio,
421 1654 529 1717 cui
579 1654 725 1738 ipse
777 1673 910 1716 non
955 1653 1164 1738 polI'et
1215 1651 1544 1716 resistere.
1629 1658 2146 1743 Inveniebatquo

149 1732 351 1798 fidem
393 1755 473 1797 ex
509 1756 628 1809 eo,
690 1732 865 1820 quod
896 1732 1270 1819 'contempta
1313 1749 1380 1797 et
1416 1735 1440 1795 i
1487 1736 1729 1799 nobilis
1760 1738 2147 1807 Eburonum

151 1818 382 1882 civitas
416 1816 582 1893 nihil
616 1837 739 1901 per
771 1836 842 1878 se
876 1828 1265 1878 attentatura
1287 1756 1655 1892 videbatur,
1700 1819 1831 1883 nisi
1858 1820 2147 1905 plurium

150 1913 223 1963 et
260 1898 745 1984 opulentiorum
780 1894 1018 1959 fiducia
1056 1908 1441 1961 armaretur.

269 2033 440 2094 xm.
483 2026 863 2105 Ambiorix,
902 2019 1339 2095 haa‘victoria
1369 2029 1705 2117 multoque
1736 2052 1896 2095 auro
1930 2051 2011 2095 ex
2039 2031 2139 2096 di·
2196 2044 2357 2102 Ateus
2384 2065 2478 2124 ⁰1¹·

145 2115 457 2199 reptione
497 2112 848 2176 castrorum
884 2114 1169 2195 potitus,
1215 2111 1420 2175 statim
1458 2132 1602 2175 cum
1635 2113 1926 2197 equitatu
1954 2114 2021 2176 in
2046 2114 2137 2177 A-
2156 2128 2388 2188 pugnas.

143 2197 458 2268 tuaticos,
530 2194 769 2258 deinde
822 2195 893 2255 in
936 2194 1220 2257 Nervios
1280 2194 1621 2277 pervenit,
1687 2194 1800 2256 ubi
1849 2195 2136 2278 legionis

142 2278 340 2340 unius
392 2276 666 2340 hiberna
704 2288 908 2339 erant.
993 2274 1097 2336 Ad
1134 2273 1297 2338 haec
1329 2274 1755 2370 expugnanda
1797 2296 2020 2338 omnes
2060 2277 2146 2341 hi'

142 2360 409 2445 populi,
457 2359 602 2421 aliis
638 2377 898 2444 quoque
927 2356 1163 2419 vicinis
1196 2355 1507 2436 adjectis,
1533 2377 1757 2442 magna
1793 2378 1938 2418 eum
1967 2359 2136 2420 mul..

142 2441 426 2507 titudine
480 2455 870 2504 armatorum
918 2438 1335 2501 access'erunt.
1420 2437 1736 2501 Hibernis
1779 2438 1861 2533 Q.
1894 2438 2134 2503 Cicero

142 2537 469 2608 praeerat,
512 2521 876 2607 nequedum
911 2519 1129 2582 audito
1159 2518 1404 2581 Titurii
1435 2538 1611 2592 casu,
1655 2540 1892 2583 vacuus
1927 2520 2131 2586 curis.

113 2610 366 2688 ‚ltaque
407 2604 649 2666 milites
688 2601 1026 2674 nonnulli,
1091 2619 1256 2685 quos
1295 2600 1674 2684 lignationis
1714 2601 2133 2664 munitionis-

145 2707 277 2772 que
312 2686 519 2749 causs'a
551 2686 619 2746 in
660 2685 855 2749 silvas
893 2683 1268 2756 dimiserat,
1315 2679 1534 2743 subito
1572 2678 1845 2745 hostium
1886 2683 2129 2746 adven·

140 2783 216 2831 tu
265 2783 415 2831 sunt
459 2767 740 2851 excepti.
821 2766 996 2827 Hinc
1034 2762 1383 2826 castrorum
1416 2783 1539 2848 per
1573 2766 1944 2849 complures
1976 2765 2127 2828 dies
2184 2816 2189 2827 ,

140 2851 514 2914 continuata
558 2869 643 2934 op
676 2845 992 2930 '‘ugnatio:
1060 2845 1198 2908 sed!
1224 2867 1468 2907 summa
1503 2845 1747 2909 virtute
1782 2844 2128 2910 Ciceronis

141 2947 213 2996 et
244 2931 519 2993 militum
552 2870 764 2993 helles
799 2927 1086 3013 repulsit
1130 2927 1342 2991 donec
1368 2927 1748 2994 Verticonis
1777 2927 2007 2992 Nervii
2044 2925 2126 2990 fi·

140 3013 281 3077 deli
313 3033 514 3097 opera
545 3012 720 3091 (nam
751 3011 812 3073 is
843 3030 1037 3074 servo
1071 3029 1191 3071 suo
1227 3009 1478 3092 magnis
1513 3009 1820 3092 praemiis
1903 3029 2128 3071 ersua-

139 3109 359 3166 serat,-
416 3108 489 3157 ut
526 3094 750 3155 literas
788 3090 1154 3175 perferret)
1193 3091 1470 3163 Caesar,
1515 3093 1846 3176 praesenti
1897 3112 1973 3153 us
2012 3109 2126 3154 re-

133 3177 262 3240 bus
298 3176 578 3260 cognitis
597 3218 616 3250 ,
661 3193 1050 3238 succurrere
1076 3171 1601 3258 periclitantibus
1630 3174 1867 3259 potuit.

260 3306 438 3371 xlv.
484 3308 546 3367 Is
576 3306 599 3368 i
649 3307 781 3369 itur
819 3305 1010 3368 solita
1039 3306 1375 3369 celeritate
1405 3324 1548 3368 cum
1567 3303 1939 3388 legionibus
1963 3302 2120 3366 dua·
2165 3319 2363 3389 quau,
2378 3342 2492 3379 suc.

131 3388 301 3463 bus,
350 3388 499 3471 quia
533 3327 891 3453 Lagbienum
923 3387 1221 3461 Treviri,
1266 3407 1410 3449 cum
1452 3385 1751 3449 omnibus
1789 3387 1999 3469 copiis
2036 3383 2119 3448 ad
2140 3390 2514 3450 mecum.

131 3469 283 3552 ejus
312 3467 585 3532 hiberna
616 3469 937 3554 profecti,
983 3468 1391 3541 retinebant,
1436 3469 1505 3529 in
1527 3467 1807 3530 Nervios
1850 3480 2121 3530 conten-

27 3586 28 3593 *
129 3551 270 3625 dit,
312 3551 788 3636 adventumque
828 3570 1013 3619 suum
1053 3550 1359 3614 Ciceroni
1399 3551 1648 3612 Graeca
1686 3544 1985 3633 epistola,
2030 3568 2117 3614 ne

87 3633 502 3717 ⁷intercepta
563 3633 1046 3716 intelligeretur
1101 3632 1181 3694 ab
1234 3627 1558 3705 hostibus,
1618 3631 1898 3693 nunciat.
1977 3650 2119 3694 eam

128 3715 363 3777 Gallus
402 3713 658 3800 quidam
697 3735 898 3798 eques
921 3755 938 3786 ,
988 3733 1114 3801 per
1148 3713 1563 3798 popularium
1601 3709 1797 3774 castra
1833 3711 1975 3776 sine
2011 3733 2120 3775 su.

130 3795 434 3880 spicione
470 3797 935 3882 transgress'us„
996 3795 1319 3881 alligatam
1351 3792 1642 3881 tragulae
1678 3792 1847 3857 intra
1887 3794 2119 3858 vallum

124 3878 335 3940 misit.
413 3917 430 3921 -

127 4066 361 4199 senff}
374 4062 1247 4212 {lpiff‘ssaele'slutl'e‘ffessfflig'
1275 4062 1319 4121 l.
1350 4062 1440 4134 40.
1474 4063 1638 4123 Flor.
1660 4065 1715 4138 3,
1738 4082 1818 4123 ιο.
1853 4064 2030 4123 Oros.
2049 4061 2105 4133 6,

577 4204 592 4236 l
