<?xml version="1.0" encoding="UTF-8"?>
<!DOCTYPE html PUBLIC "-//W3C//DTD XHTML 1.0 Transitional//EN"
    "http://www.w3.org/TR/xhtml1/DTD/xhtml1-transitional.dtd">
<html xmlns="http://www.w3.org/1999/xhtml" xml:lang="en" lang="en">
 <head>
  <title>
</title>
<meta http-equiv="Content-Type" content="text/html;charset=utf-8" />
  <meta name='ocr-system' content='tesseract 3.04.00' />
  <meta name='ocr-capabilities' content='ocr_page ocr_carea ocr_par ocr_line ocrx_word'/>
</head>
<body>
  <div class='ocr_page' id='page_1' title='image "./tliviipatavinih14unkngoog_0442.png"; bbox 0 0 2717 4667; ppageno 0'>
   <div class='ocr_carea' id='block_1_1' title="bbox 608 109 2545 242">
    <p class='ocr_par' dir='ltr' id='par_1_1' title="bbox 608 109 2545 242">
     <span class='ocr_line' id='line_1_1' title="bbox 608 109 2545 242; baseline 0 -13"><span class='ocrx_word' id='word_1_1' title='bbox 608 164 732 242; x_wconf 72' lang='lat'><strong>434</strong></span> <span class='ocrx_word' id='word_1_2' title='bbox 828 160 1237 226; x_wconf 72' lang='lat' dir='ltr'><strong>anmsn.</strong></span> <span class='ocrx_word' id='word_1_3' title='bbox 1271 163 2107 230; x_wconf 77' lang='lat' dir='ltr'><strong>SUPPLEMENTORUM</strong></span> <span class='ocrx_word' id='word_1_4' title='bbox 2135 109 2286 232; x_wconf 59' lang='lat' dir='ltr'><strong>Lln&#39;.</strong></span> <span class='ocrx_word' id='word_1_5' title='bbox 2308 164 2545 233; x_wconf 79' lang='lat' dir='ltr'>Lxlv.</span> 
     </span>
    </p>
   </div>
   <div class='ocr_carea' id='block_1_2' title="bbox 2398 311 2570 321">
    <p class='ocr_par' dir='ltr' id='par_1_2' title="bbox 2398 311 2570 321">
     <span class='ocr_line' id='line_1_2' title="bbox 2398 311 2570 321; baseline 0 4346"><span class='ocrx_word' id='word_1_6' title='bbox 2398 311 2570 321; x_wconf 95' lang='lat' dir='ltr'><strong> </strong></span> 
     </span>
    </p>
   </div>
   <div class='ocr_carea' id='block_1_3' title="bbox 141 355 2600 1030">
    <p class='ocr_par' dir='ltr' id='par_1_3' title="bbox 141 355 2600 948">
     <span class='ocr_line' id='line_1_3' title="bbox 288 355 2598 459; baseline -0.002 -27"><span class='ocrx_word' id='word_1_7' title='bbox 288 377 358 432; x_wconf 89' lang='lat' dir='ltr'><strong>U.</strong></span> <span class='ocrx_word' id='word_1_8' title='bbox 384 393 435 429; x_wconf 84' lang='lat' dir='ltr'><strong>e.</strong></span> <span class='ocrx_word' id='word_1_9' title='bbox 462 374 587 434; x_wconf 79' lang='lat'><strong>685.</strong></span> <span class='ocrx_word' id='word_1_10' title='bbox 733 355 875 433; x_wconf 77' lang='lat' dir='ltr'><strong>XX.</strong></span> <span class='ocrx_word' id='word_1_11' title='bbox 918 370 1157 433; x_wconf 84' lang='lat' dir='ltr'><strong>Contra</strong></span> <span class='ocrx_word' id='word_1_12' title='bbox 1190 367 1348 446; x_wconf 83' lang='lat' dir='ltr'><strong>haee</strong></span> <span class='ocrx_word' id='word_1_13' title='bbox 1382 372 1459 430; x_wconf 87' lang='lat' dir='ltr'><strong>L.</strong></span> <span class='ocrx_word' id='word_1_14' title='bbox 1485 369 1855 434; x_wconf 76' lang='lat' dir='ltr'><strong>Trebellius</strong></span> <span class='ocrx_word' id='word_1_15' title='bbox 1891 393 2081 455; x_wconf 88' lang='lat' dir='ltr'><strong>quum</strong></span> <span class='ocrx_word' id='word_1_16' title='bbox 2114 377 2428 459; x_wconf 82' lang='lat' dir='ltr'><strong>coepiss&#39;et</strong></span> <span class='ocrx_word' id='word_1_17' title='bbox 2458 376 2598 438; x_wconf 72' lang='lat' dir='ltr'><strong>dis-</strong></span> 
     </span>
     <span class='ocr_line' id='line_1_4' title="bbox 287 445 2600 540; baseline 0 -22"><span class='ocrx_word' id='word_1_18' title='bbox 287 445 496 500; x_wconf 69' lang='lat' dir='ltr'><strong>A·C·⁶</strong></span> <span class='ocrx_word' id='word_1_19' title='bbox 537 479 576 526; x_wconf 70' lang='lat' dir='ltr'><strong>t,</strong></span> <span class='ocrx_word' id='word_1_20' title='bbox 619 473 878 527; x_wconf 78' lang='lat' dir='ltr'><strong>serere,</strong></span> <span class='ocrx_word' id='word_1_21' title='bbox 923 473 1043 514; x_wconf 86' lang='lat' dir='ltr'><strong>nec</strong></span> <span class='ocrx_word' id='word_1_22' title='bbox 1087 451 1412 514; x_wconf 87' lang='lat' dir='ltr'><strong>silentium</strong></span> <span class='ocrx_word' id='word_1_23' title='bbox 1453 449 1676 525; x_wconf 85' lang='lat' dir='ltr'><strong>fieret,</strong></span> <span class='ocrx_word' id='word_1_24' title='bbox 1726 454 1935 514; x_wconf 84' lang='lat' dir='ltr'><strong>tribus</strong></span> <span class='ocrx_word' id='word_1_25' title='bbox 1971 455 2038 514; x_wconf 89' lang='lat' dir='ltr'><strong>in</strong></span> <span class='ocrx_word' id='word_1_26' title='bbox 2078 456 2383 540; x_wconf 70' lang='lat' dir='ltr'><strong>suffragia</strong></span> <span class='ocrx_word' id='word_1_27' title='bbox 2419 460 2600 520; x_wconf 87' lang='lat' dir='ltr'><strong>mitti</strong></span> 
     </span>
     <span class='ocr_line' id='line_1_5' title="bbox 238 513 2597 638; baseline -0.003 -40"><span class='ocrx_word' id='word_1_28' title='bbox 238 586 283 638; x_wconf 73' lang='lat' dir='ltr'><em>G</em></span> <span class='ocrx_word' id='word_1_29' title='bbox 325 513 505 637; x_wconf 44' lang='lat' dir='ltr'><strong>{repet</strong></span> <span class='ocrx_word' id='word_1_30' title='bbox 532 529 572 564; x_wconf 78' lang='lat'><strong>&#39;²</strong></span> <span class='ocrx_word' id='word_1_31' title='bbox 616 537 843 600; x_wconf 82' lang='lat' dir='ltr'><strong>vetuit.</strong></span> <span class='ocrx_word' id='word_1_32' title='bbox 930 538 1095 595; x_wconf 85' lang='lat' dir='ltr'><strong>Tum</strong></span> <span class='ocrx_word' id='word_1_33' title='bbox 1130 553 1288 594; x_wconf 84' lang='lat' dir='ltr'><strong>vero</strong></span> <span class='ocrx_word' id='word_1_34' title='bbox 1326 533 1666 608; x_wconf 81' lang='lat' dir='ltr'>Gabinius,</span> <span class='ocrx_word' id='word_1_35' title='bbox 1712 535 1935 596; x_wconf 74' lang='lat' dir='ltr'><strong>omil&#39;l‘o</strong></span> <span class='ocrx_word' id='word_1_36' title='bbox 1967 536 2034 596; x_wconf 89' lang='lat' dir='ltr'><strong>in</strong></span> <span class='ocrx_word' id='word_1_37' title='bbox 2065 538 2365 621; x_wconf 81' lang='lat' dir='ltr'><strong>praesens</strong></span> <span class='ocrx_word' id='word_1_38' title='bbox 2391 542 2597 601; x_wconf 89' lang='lat' dir='ltr'><strong>Pom-</strong></span> 
     </span>
     <span class='ocr_line' id='line_1_6' title="bbox 141 598 2594 725; baseline -0.001 -41"><span class='ocrx_word' id='word_1_39' title='bbox 141 680 147 687; x_wconf 82' lang='grc'><strong>,</strong></span> <span class='ocrx_word' id='word_1_40' title='bbox 236 598 594 725; x_wconf 46' lang='grc' dir='ltr'><strong>γεέζέζήζμ</strong></span> <span class='ocrx_word' id='word_1_41' title='bbox 614 619 747 702; x_wconf 89' lang='lat' dir='ltr'><strong>peji</strong></span> <span class='ocrx_word' id='word_1_42' title='bbox 780 616 1082 701; x_wconf 81' lang='lat' dir='ltr'><strong>negotio,</strong></span> <span class='ocrx_word' id='word_1_43' title='bbox 1126 614 1319 685; x_wconf 74' lang='lat' dir='ltr'><strong>de-L,</strong></span> <span class='ocrx_word' id='word_1_44' title='bbox 1354 614 1689 677; x_wconf 82' lang='lat' dir='ltr'><strong>&#39;l&#39;rebellio</strong></span> <span class='ocrx_word' id='word_1_45' title='bbox 1731 637 1965 699; x_wconf 80' lang='lat' dir='ltr'><strong>rogare</strong></span> <span class='ocrx_word' id='word_1_46' title='bbox 2000 622 2309 703; x_wconf 88' lang='lat' dir='ltr'><strong>populum</strong></span> <span class='ocrx_word' id='word_1_47' title='bbox 2344 623 2594 705; x_wconf 86' lang='lat' dir='ltr'><strong>eoepit.</strong></span> 
     </span>
     <span class='ocr_line' id='line_1_7' title="bbox 221 697 2595 792; baseline -0.001 -26"><span class='ocrx_word' id='word_1_48' title='bbox 221 721 543 792; x_wconf 49' lang='lat' dir='ltr'><strong>fericulum.</strong></span> <span class='ocrx_word' id='word_1_49' title='bbox 611 705 880 786; x_wconf 78' lang='lat' dir='ltr'><strong>Jamque</strong></span> <span class='ocrx_word' id='word_1_50' title='bbox 928 697 1137 758; x_wconf 90' lang='lat' dir='ltr'><strong>tribus</strong></span> <span class='ocrx_word' id='word_1_51' title='bbox 1188 697 1649 781; x_wconf 82' lang='lat' dir='ltr'><strong>septemdecim</strong></span> <span class='ocrx_word' id='word_1_52' title='bbox 1690 697 2086 761; x_wconf 87' lang='lat' dir='ltr'><strong>tribunatum</strong></span> <span class='ocrx_word' id='word_1_53' title='bbox 2131 702 2192 762; x_wconf 91' lang='lat' dir='ltr'><strong>ei</strong></span> <span class='ocrx_word' id='word_1_54' title='bbox 2229 701 2595 786; x_wconf 82' lang='lat' dir='ltr'><strong>abrogave-</strong></span> 
     </span>
     <span class='ocr_line' id='line_1_8' title="bbox 272 779 2593 856; baseline 0 -10"><span class='ocrx_word' id='word_1_55' title='bbox 272 803 277 812; x_wconf 80' lang='lat'><strong>·</strong></span> <span class='ocrx_word' id='word_1_56' title='bbox 611 797 790 856; x_wconf 86' lang='lat' dir='ltr'><strong>rant,</strong></span> <span class='ocrx_word' id='word_1_57' title='bbox 851 795 916 844; x_wconf 87' lang='lat' dir='ltr'><strong>et</strong></span> <span class='ocrx_word' id='word_1_58' title='bbox 957 779 1025 839; x_wconf 86' lang='lat' dir='ltr'><strong>in</strong></span> <span class='ocrx_word' id='word_1_59' title='bbox 1070 797 1151 841; x_wconf 91' lang='lat' dir='ltr'><strong>eo</strong></span> <span class='ocrx_word' id='word_1_60' title='bbox 1190 791 1366 852; x_wconf 87' lang='lat' dir='ltr'><strong>erat,</strong></span> <span class='ocrx_word' id='word_1_61' title='bbox 1424 791 1495 840; x_wconf 89' lang='lat' dir='ltr'><strong>ut</strong></span> <span class='ocrx_word' id='word_1_62' title='bbox 1537 780 1727 841; x_wconf 89' lang='lat' dir='ltr'><strong>etiam</strong></span> <span class='ocrx_word' id='word_1_63' title='bbox 1777 779 2302 844; x_wconf 82' lang='lat' dir='ltr'><strong>duodevicesima</strong></span> <span class='ocrx_word' id='word_1_64' title='bbox 2352 782 2593 846; x_wconf 84' lang='lat' dir='ltr'><strong>suffra-</strong></span> 
     </span>
     <span class='ocr_line' id='line_1_9' title="bbox 609 859 2599 948; baseline 0.001 -22"><span class='ocrx_word' id='word_1_65' title='bbox 609 865 784 948; x_wconf 79' lang='lat' dir='ltr'><strong>gium</strong></span> <span class='ocrx_word' id='word_1_66' title='bbox 819 862 1064 933; x_wconf 86' lang='lat' dir='ltr'><strong>ferret,</strong></span> <span class='ocrx_word' id='word_1_67' title='bbox 1109 859 1525 944; x_wconf 74' lang='lat' dir='ltr'><strong>plebiscitum</strong></span> <span class='ocrx_word' id='word_1_68' title='bbox 1560 863 1843 939; x_wconf 81' lang='lat' dir='ltr'><strong>factura3</strong></span> <span class='ocrx_word' id='word_1_69' title='bbox 1931 884 2080 924; x_wconf 88' lang='lat' dir='ltr'><strong>uum</strong></span> <span class='ocrx_word' id='word_1_70' title='bbox 2118 864 2225 927; x_wconf 78' lang='lat' dir='ltr'><strong>vix</strong></span> <span class='ocrx_word' id='word_1_71' title='bbox 2267 865 2599 928; x_wconf 78' lang='lat' dir='ltr'><strong>dimoveri</strong></span> 
     </span>
    </p>

    <p class='ocr_par' dir='ltr' id='par_1_4' title="bbox 607 943 2596 1030">
     <span class='ocr_line' id='line_1_10' title="bbox 607 943 2596 1030; baseline -0.003 -23"><span class='ocrx_word' id='word_1_72' title='bbox 607 969 644 1007; x_wconf 90' lang='lat' dir='ltr'><strong>a</strong></span> <span class='ocrx_word' id='word_1_73' title='bbox 683 943 1026 1030; x_wconf 83' lang='lat' dir='ltr'><strong>proposito</strong></span> <span class='ocrx_word' id='word_1_74' title='bbox 1063 943 1273 1025; x_wconf 78' lang='lat' dir='ltr'><strong>pall&#39;us</strong></span> <span class='ocrx_word' id='word_1_75' title='bbox 1300 943 1675 1003; x_wconf 83' lang='lat' dir='ltr'><strong>Trebellius</strong></span> <span class='ocrx_word' id='word_1_76' title='bbox 1699 987 1715 1018; x_wconf 92' lang='lat'>‚</span> <span class='ocrx_word' id='word_1_77' title='bbox 1757 957 1884 1018; x_wconf 44' lang='lat' dir='ltr'><strong>„tan</strong></span> <span class='ocrx_word' id='word_1_78' title='bbox 1931 965 2035 1007; x_wconf 90' lang='lat' dir='ltr'><strong>em</strong></span> <span class='ocrx_word' id='word_1_79' title='bbox 2081 944 2385 1010; x_wconf 80' lang='lat' dir='ltr'><strong>incitatae</strong></span> <span class='ocrx_word' id='word_1_80' title='bbox 2431 965 2596 1009; x_wconf 76' lang='lat' dir='ltr'><strong>‘eon-</strong></span> 
     </span>
    </p>
   </div>
   <div class='ocr_carea' id='block_1_4' title="bbox 609 1023 1409 1090">
    <p class='ocr_par' dir='ltr' id='par_1_5' title="bbox 609 1023 1409 1090">
     <span class='ocr_line' id='line_1_11' title="bbox 609 1023 1409 1090; baseline -0.01 1"><span class='ocrx_word' id='word_1_81' title='bbox 609 1028 819 1090; x_wconf 82' lang='lat' dir='ltr'><strong>oionis</strong></span> <span class='ocrx_word' id='word_1_82' title='bbox 860 1023 1168 1088; x_wconf 83' lang='lat' dir='ltr'><strong>fluctibus</strong></span> <span class='ocrx_word' id='word_1_83' title='bbox 1206 1024 1409 1086; x_wconf 81' lang='lat' dir='ltr'><strong>cess&#39;it.</strong></span> 
     </span>
    </p>
   </div>
   <div class='ocr_carea' id='block_1_5' title="bbox 280 1128 2704 1626">
    <p class='ocr_par' dir='ltr' id='par_1_6' title="bbox 280 1128 2600 1381">
     <span class='ocr_line' id='line_1_12' title="bbox 324 1128 2598 1219; baseline -0.002 -17"><span class='ocrx_word' id='word_1_84' title='bbox 324 1152 551 1219; x_wconf 76' lang='lat' dir='ltr'><strong>Itemque</strong></span> <span class='ocrx_word' id='word_1_85' title='bbox 604 1148 608 1152; x_wconf 83' lang='lat'>&#39;</span> <span class='ocrx_word' id='word_1_86' title='bbox 732 1134 903 1193; x_wconf 82' lang='lat' dir='ltr'><strong>xxl.</strong></span> <span class='ocrx_word' id='word_1_87' title='bbox 961 1129 1216 1191; x_wconf 86' lang='lat' dir='ltr'><strong>Deinde</strong></span> <span class='ocrx_word' id='word_1_88' title='bbox 1249 1128 1524 1191; x_wconf 80' lang='lat' dir='ltr'><strong>Roscius</strong></span> <span class='ocrx_word' id='word_1_89' title='bbox 1562 1129 1744 1216; x_wconf 87' lang='lat' dir='ltr'><strong>loqui</strong></span> <span class='ocrx_word' id='word_1_90' title='bbox 1781 1129 2000 1205; x_wconf 79' lang='lat' dir='ltr'><strong>orsus,</strong></span> <span class='ocrx_word' id='word_1_91' title='bbox 2061 1154 2254 1217; x_wconf 88' lang='lat' dir='ltr'><strong>quum</strong></span> <span class='ocrx_word' id='word_1_92' title='bbox 2301 1135 2598 1198; x_wconf 87' lang='lat' dir='ltr'><strong>animum</strong></span> 
     </span>
     <span class='ocr_line' id='line_1_13' title="bbox 280 1210 2596 1300; baseline 0.003 -27"><span class='ocrx_word' id='word_1_93' title='bbox 280 1218 485 1275; x_wconf 73' lang='lat' dir='ltr'><strong>Roscii.</strong></span> <span class='ocrx_word' id='word_1_94' title='bbox 604 1235 800 1278; x_wconf 87' lang='lat' dir='ltr'><strong>nemo</strong></span> <span class='ocrx_word' id='word_1_95' title='bbox 841 1213 1246 1283; x_wconf 78' lang='lat' dir='ltr'><strong>adverteret,</strong></span> <span class='ocrx_word' id='word_1_96' title='bbox 1296 1210 1522 1294; x_wconf 83' lang='lat' dir='ltr'><strong>digitis</strong></span> <span class='ocrx_word' id='word_1_97' title='bbox 1560 1213 1826 1276; x_wconf 88' lang='lat' dir='ltr'><strong>sublatis</strong></span> <span class='ocrx_word' id='word_1_98' title='bbox 1866 1212 2029 1275; x_wconf 77' lang='lat' dir='ltr'><strong>duos</strong></span> <span class='ocrx_word' id='word_1_99' title='bbox 2068 1216 2195 1278; x_wconf 82' lang='lat' dir='ltr'><strong>ess&#39;e</strong></span> <span class='ocrx_word' id='word_1_100' title='bbox 2239 1215 2596 1300; x_wconf 82' lang='lat' dir='ltr'><strong>designan-</strong></span> 
     </span>
     <span class='ocr_line' id='line_1_14' title="bbox 610 1292 2600 1381; baseline 0 -21"><span class='ocrx_word' id='word_1_101' title='bbox 610 1297 729 1360; x_wconf 86' lang='lat' dir='ltr'><strong>dos</strong></span> <span class='ocrx_word' id='word_1_102' title='bbox 785 1292 1208 1380; x_wconf 77' lang='lat' dir='ltr'><strong>significavit:</strong></span> <span class='ocrx_word' id='word_1_103' title='bbox 1251 1308 1333 1355; x_wconf 80' lang='lat' dir='ltr'><strong>ut</strong></span> <span class='ocrx_word' id='word_1_104' title='bbox 1378 1294 1501 1357; x_wconf 79' lang='lat' dir='ltr'><strong>vel,</strong></span> <span class='ocrx_word' id='word_1_105' title='bbox 1529 1296 1623 1356; x_wconf 88' lang='lat' dir='ltr'><strong>sie</strong></span> <span class='ocrx_word' id='word_1_106' title='bbox 1663 1295 1992 1380; x_wconf 88' lang='lat' dir='ltr'><strong>potentiae</strong></span> <span class='ocrx_word' id='word_1_107' title='bbox 2015 1298 2326 1381; x_wconf 72' lang='lat' dir='ltr'><strong>Pompeii</strong></span> <span class='ocrx_word' id='word_1_108' title='bbox 2362 1301 2600 1361; x_wconf 87' lang='lat' dir='ltr'><strong>termi-</strong></span> 
     </span>
    </p>

    <p class='ocr_par' dir='ltr' id='par_1_7' title="bbox 608 1373 2600 1463">
     <span class='ocr_line' id='line_1_15' title="bbox 608 1373 2600 1463; baseline 0.001 -21"><span class='ocrx_word' id='word_1_109' title='bbox 608 1401 761 1442; x_wconf 88' lang='lat' dir='ltr'><strong>num</strong></span> <span class='ocrx_word' id='word_1_110' title='bbox 800 1375 1075 1461; x_wconf 67' lang='lat' dir='ltr'><strong>figeret.x</strong></span> <span class='ocrx_word' id='word_1_111' title='bbox 1137 1373 1240 1435; x_wconf 87' lang='lat' dir='ltr'><strong>Ad</strong></span> <span class='ocrx_word' id='word_1_112' title='bbox 1297 1375 1437 1456; x_wconf 86' lang='lat' dir='ltr'><strong>ejus</strong></span> <span class='ocrx_word' id='word_1_113' title='bbox 1483 1376 1896 1461; x_wconf 85' lang='lat' dir='ltr'><strong>conspectum</strong></span> <span class='ocrx_word' id='word_1_114' title='bbox 1935 1391 2143 1440; x_wconf 85' lang='lat' dir='ltr'><strong>tantus</strong></span> <span class='ocrx_word' id='word_1_115' title='bbox 2188 1380 2600 1463; x_wconf 82' lang='lat' dir='ltr'><strong>indignantis</strong></span> 
     </span>
    </p>

    <p class='ocr_par' dir='ltr' id='par_1_8' title="bbox 603 1455 2704 1549">
     <span class='ocr_line' id='line_1_16' title="bbox 603 1455 2704 1549; baseline 0.001 -25"><span class='ocrx_word' id='word_1_116' title='bbox 603 1461 832 1549; x_wconf 87' lang='lat' dir='ltr'><strong>populi</strong></span> <span class='ocrx_word' id='word_1_117' title='bbox 870 1459 1155 1526; x_wconf 81' lang='lat' dir='ltr'><strong>sublatus</strong></span> <span class='ocrx_word' id='word_1_118' title='bbox 1194 1458 1438 1520; x_wconf 87' lang='lat' dir='ltr'><strong>clamor</strong></span> <span class='ocrx_word' id='word_1_119' title='bbox 1471 1456 1577 1532; x_wconf 82' lang='lat' dir='ltr'><strong>est,</strong></span> <span class='ocrx_word' id='word_1_120' title='bbox 1622 1473 1692 1520; x_wconf 90' lang='lat' dir='ltr'><strong>ut</strong></span> <span class='ocrx_word' id='word_1_121' title='bbox 1725 1455 2415 1543; x_wconf 69' lang='lat' dir='ltr'><strong>forte&#39;praetervolans</strong></span> <span class='ocrx_word' id='word_1_122' title='bbox 2448 1484 2602 1526; x_wconf 84' lang='lat' dir='ltr'><strong>cor·</strong></span> <span class='ocrx_word' id='word_1_123' title='bbox 2703 1495 2704 1508; x_wconf 60' lang='lat'>2</span> 
     </span>
    </p>

    <p class='ocr_par' dir='ltr' id='par_1_9' title="bbox 494 1538 2704 1626">
     <span class='ocr_line' id='line_1_17' title="bbox 494 1538 2704 1626; baseline 0.001 -20"><span class='ocrx_word' id='word_1_124' title='bbox 494 1559 504 1575; x_wconf 80' lang='lat'><strong><em>¹</em></strong></span> <span class='ocrx_word' id='word_1_125' title='bbox 605 1565 724 1610; x_wconf 75' lang='lat' dir='ltr'><strong>vus</strong></span> <span class='ocrx_word' id='word_1_126' title='bbox 750 1587 767 1617; x_wconf 92' lang='lat'><strong>‚</strong></span> <span class='ocrx_word' id='word_1_127' title='bbox 807 1556 1126 1626; x_wconf 79' lang='lat' dir='ltr'><strong>tamquam</strong></span> <span class='ocrx_word' id='word_1_128' title='bbox 1155 1538 1428 1601; x_wconf 86' lang='lat' dir='ltr'><strong>fulmine</strong></span> <span class='ocrx_word' id='word_1_129' title='bbox 1463 1540 1631 1603; x_wconf 85' lang='lat' dir='ltr'><strong>ictus</strong></span> <span class='ocrx_word' id='word_1_130' title='bbox 1664 1541 1819 1603; x_wconf 87' lang='lat' dir='ltr'><strong>ess&#39;et</strong></span> <span class='ocrx_word' id='word_1_131' title='bbox 1842 1584 1860 1615; x_wconf 91' lang='lat'><strong>,</strong></span> <span class='ocrx_word' id='word_1_132' title='bbox 1907 1560 1986 1602; x_wconf 81' lang='lat' dir='ltr'><strong>ex</strong></span> <span class='ocrx_word' id='word_1_133' title='bbox 2020 1542 2149 1603; x_wconf 86' lang='lat' dir='ltr'><strong>alto</strong></span> <span class='ocrx_word' id='word_1_134' title='bbox 2186 1560 2434 1608; x_wconf 85' lang='lat' dir='ltr'><strong>rueret.</strong></span> <span class='ocrx_word' id='word_1_135' title='bbox 2593 1543 2598 1548; x_wconf 74' lang='grc'><strong>’</strong></span> <span class='ocrx_word' id='word_1_136' title='bbox 2703 1541 2704 1572; x_wconf 75' lang='lat'>³</span> 
     </span>
    </p>
   </div>
   <div class='ocr_carea' id='block_1_6' title="bbox 726 1645 2591 1744">
    <p class='ocr_par' dir='ltr' id='par_1_10' title="bbox 726 1645 2591 1744">
     <span class='ocr_line' id='line_1_18' title="bbox 726 1645 2591 1744; baseline 0.001 -34"><span class='ocrx_word' id='word_1_137' title='bbox 726 1650 925 1710; x_wconf 82' lang='lat' dir='ltr'><strong>xxn.</strong></span> <span class='ocrx_word' id='word_1_138' title='bbox 967 1650 1060 1709; x_wconf 88' lang='lat' dir='ltr'><strong>Ita</strong></span> <span class='ocrx_word' id='word_1_139' title='bbox 1147 1646 1478 1726; x_wconf 79' lang='lat' dir='ltr'><strong>uiescente</strong></span> <span class='ocrx_word' id='word_1_140' title='bbox 1513 1647 1793 1726; x_wconf 78' lang='lat' dir='ltr'><strong>Roscio,</strong></span> <span class='ocrx_word' id='word_1_141' title='bbox 1839 1645 2154 1710; x_wconf 80' lang='lat' dir='ltr'><strong>Gabinius</strong></span> <span class='ocrx_word' id='word_1_142' title='bbox 2186 1648 2267 1744; x_wconf 71' lang='lat' dir='ltr'><strong>Q.</strong></span> <span class='ocrx_word' id='word_1_143' title='bbox 2292 1651 2591 1713; x_wconf 85' lang='lat' dir='ltr'><strong>Catulum</strong></span> 
     </span>
    </p>
   </div>
   <div class='ocr_carea' id='block_1_7' title="bbox 607 1728 2704 1813">
    <p class='ocr_par' dir='ltr' id='par_1_11' title="bbox 607 1728 2704 1813">
     <span class='ocr_line' id='line_1_19' title="bbox 607 1728 2704 1813; baseline -0.002 -17"><span class='ocrx_word' id='word_1_144' title='bbox 607 1731 952 1803; x_wconf 81' lang='lat' dir='ltr'><strong>excitavit,</strong></span> <span class='ocrx_word' id='word_1_145' title='bbox 1002 1729 1074 1792; x_wconf 87' lang='lat' dir='ltr'><strong>ut&#39;</strong></span> <span class='ocrx_word' id='word_1_146' title='bbox 1156 1728 1384 1791; x_wconf 85' lang='lat' dir='ltr'><strong>iceret.</strong></span> <span class='ocrx_word' id='word_1_147' title='bbox 1460 1731 1773 1813; x_wconf 87' lang='lat' dir='ltr'><strong>Sperabat</strong></span> <span class='ocrx_word' id='word_1_148' title='bbox 1813 1729 1983 1790; x_wconf 86' lang='lat' dir='ltr'><strong>enim</strong></span> <span class='ocrx_word' id='word_1_149' title='bbox 2022 1729 2432 1793; x_wconf 85' lang='lat' dir='ltr'><strong>tribunorum</strong></span> <span class='ocrx_word' id='word_1_150' title='bbox 2526 1754 2597 1796; x_wconf 83' lang='lat' dir='ltr'><strong>e·</strong></span> <span class='ocrx_word' id='word_1_151' title='bbox 2703 1775 2704 1808; x_wconf 54' lang='lat'>3</span> 
     </span>
    </p>
   </div>
   <div class='ocr_carea' id='block_1_8' title="bbox 604 1810 2595 2059">
    <p class='ocr_par' dir='ltr' id='par_1_12' title="bbox 604 1810 2595 2059">
     <span class='ocr_line' id='line_1_20' title="bbox 604 1810 2595 1898; baseline -0.002 -19"><span class='ocrx_word' id='word_1_152' title='bbox 604 1816 815 1879; x_wconf 89' lang='lat' dir='ltr'><strong>riculo</strong></span> <span class='ocrx_word' id='word_1_153' title='bbox 870 1810 1171 1874; x_wconf 87' lang='lat' dir='ltr'><strong>territum</strong></span> <span class='ocrx_word' id='word_1_154' title='bbox 1233 1810 1436 1884; x_wconf 84' lang='lat' dir='ltr'><strong>nihil,</strong></span> <span class='ocrx_word' id='word_1_155' title='bbox 1519 1825 1973 1897; x_wconf 72' lang='lat' dir='ltr'><strong>praeterquam</strong></span> <span class='ocrx_word' id='word_1_156' title='bbox 2031 1812 2317 1874; x_wconf 82' lang='lat' dir='ltr'><strong>volentia</strong></span> <span class='ocrx_word' id='word_1_157' title='bbox 2371 1816 2483 1898; x_wconf 92' lang='lat' dir='ltr'><strong>ple</strong></span> <span class='ocrx_word' id='word_1_158' title='bbox 2533 1815 2595 1889; x_wconf 86' lang='lat' dir='ltr'><strong>i,</strong></span> 
     </span>
     <span class='ocr_line' id='line_1_21' title="bbox 608 1892 2593 1988; baseline -0.001 -28"><span class='ocrx_word' id='word_1_159' title='bbox 608 1898 972 1974; x_wconf 84' lang='lat' dir='ltr'><strong>dicturum3</strong></span> <span class='ocrx_word' id='word_1_160' title='bbox 1033 1907 1139 1967; x_wconf 88' lang='lat' dir='ltr'><strong>et,</strong></span> <span class='ocrx_word' id='word_1_161' title='bbox 1187 1893 1335 1988; x_wconf 84' lang='lat' dir='ltr'><strong>quia</strong></span> <span class='ocrx_word' id='word_1_162' title='bbox 1375 1893 1685 1976; x_wconf 84' lang='lat' dir='ltr'><strong>princeps</strong></span> <span class='ocrx_word' id='word_1_163' title='bbox 1731 1892 1845 1953; x_wconf 85' lang='lat' dir='ltr'><strong>ille</strong></span> <span class='ocrx_word' id='word_1_164' title='bbox 1880 1906 2135 1958; x_wconf 86' lang='lat' dir='ltr'><strong>senatus</strong></span> <span class='ocrx_word' id='word_1_165' title='bbox 2177 1910 2349 1968; x_wconf 86' lang='lat' dir='ltr'><strong>erat,</strong></span> <span class='ocrx_word' id='word_1_166' title='bbox 2411 1911 2593 1959; x_wconf 72' lang='lat' dir='ltr'><strong>cete-</strong></span> 
     </span>
     <span class='ocr_line' id='line_1_22' title="bbox 606 1973 2595 2059; baseline -0.001 -17"><span class='ocrx_word' id='word_1_167' title='bbox 606 2001 721 2042; x_wconf 89' lang='lat' dir='ltr'><strong>ros</strong></span> <span class='ocrx_word' id='word_1_168' title='bbox 764 1977 935 2039; x_wconf 82' lang='lat' dir='ltr'><strong>haud</strong></span> <span class='ocrx_word' id='word_1_169' title='bbox 974 1988 1285 2058; x_wconf 71' lang='lat' dir='ltr'><strong>gravatim</strong></span> <span class='ocrx_word' id='word_1_170' title='bbox 1329 1975 1777 2036; x_wconf 84' lang='lat' dir='ltr'><strong>auctoritatem</strong></span> <span class='ocrx_word' id='word_1_171' title='bbox 1822 1973 1960 2054; x_wconf 84' lang='lat' dir='ltr'><strong>ejus</strong></span> <span class='ocrx_word' id='word_1_172' title='bbox 2005 1990 2418 2059; x_wconf 75' lang='lat' dir='ltr'><strong>sequuturos,</strong></span> <span class='ocrx_word' id='word_1_173' title='bbox 2505 1981 2595 2040; x_wconf 87' lang='lat' dir='ltr'><strong>At</strong></span> 
     </span>
    </p>
   </div>
   <div class='ocr_carea' id='block_1_9' title="bbox 610 2057 2704 2143">
    <p class='ocr_par' dir='ltr' id='par_1_13' title="bbox 610 2057 2704 2143">
     <span class='ocr_line' id='line_1_23' title="bbox 610 2057 2704 2143; baseline -0.001 -20"><span class='ocrx_word' id='word_1_174' title='bbox 610 2062 763 2135; x_wconf 91' lang='lat' dir='ltr'><strong>ille,</strong></span> <span class='ocrx_word' id='word_1_175' title='bbox 823 2057 1156 2143; x_wconf 82' lang='lat' dir='ltr'><strong>dignitatis</strong></span> <span class='ocrx_word' id='word_1_176' title='bbox 1208 2077 1359 2118; x_wconf 87' lang='lat' dir='ltr'><strong>suae</strong></span> <span class='ocrx_word' id='word_1_177' title='bbox 1410 2075 1694 2130; x_wconf 86' lang='lat' dir='ltr'><strong>memor,</strong></span> <span class='ocrx_word' id='word_1_178' title='bbox 1755 2068 1999 2119; x_wconf 86' lang='lat' dir='ltr'><strong>attento</strong></span> <span class='ocrx_word' id='word_1_179' title='bbox 2040 2058 2124 2118; x_wconf 90' lang='lat' dir='ltr'><strong>ob</strong></span> <span class='ocrx_word' id='word_1_180' title='bbox 2156 2060 2597 2122; x_wconf 80' lang='lat' dir='ltr'><strong>reverentiam</strong></span> <span class='ocrx_word' id='word_1_181' title='bbox 2703 2123 2704 2128; x_wconf 59' lang='grc'>,</span> 
     </span>
    </p>
   </div>
   <div class='ocr_carea' id='block_1_10' title="bbox 220 2136 2597 3539">
    <p class='ocr_par' dir='ltr' id='par_1_14' title="bbox 610 2136 2597 2226">
     <span class='ocr_line' id='line_1_24' title="bbox 610 2136 2597 2226; baseline -0.003 -20"><span class='ocrx_word' id='word_1_182' title='bbox 610 2145 743 2208; x_wconf 78' lang='lat' dir='ltr'><strong>viri</strong></span> <span class='ocrx_word' id='word_1_183' title='bbox 789 2142 1068 2226; x_wconf 89' lang='lat' dir='ltr'><strong>populo,</strong></span> <span class='ocrx_word' id='word_1_184' title='bbox 1130 2139 1197 2200; x_wconf 90' lang='lat' dir='ltr'><strong>in</strong></span> <span class='ocrx_word' id='word_1_185' title='bbox 1238 2136 1411 2201; x_wconf 87' lang='lat' dir='ltr'><strong>hunc</strong></span> <span class='ocrx_word' id='word_1_186' title='bbox 1456 2137 1716 2200; x_wconf 86' lang='lat' dir='ltr'><strong>modum</strong></span> <span class='ocrx_word' id='word_1_187' title='bbox 1754 2138 1954 2201; x_wconf 83' lang='lat' dir='ltr'><strong>verba</strong></span> <span class='ocrx_word' id='word_1_188' title='bbox 1996 2138 2195 2202; x_wconf 81' lang='lat' dir='ltr'><strong>feeit:</strong></span> <span class='ocrx_word' id='word_1_189' title='bbox 2265 2144 2327 2201; x_wconf 85' lang='lat' dir='ltr'><strong>Si</strong></span> <span class='ocrx_word' id='word_1_190' title='bbox 2374 2144 2597 2222; x_wconf 83' lang='lat' dir='ltr'><strong>quidem</strong></span> 
     </span>
    </p>

    <p class='ocr_par' dir='ltr' id='par_1_15' title="bbox 606 2221 2590 2306">
     <span class='ocr_line' id='line_1_25' title="bbox 606 2221 2590 2306; baseline -0.002 -19"><span class='ocrx_word' id='word_1_191' title='bbox 606 2244 894 2294; x_wconf 71' lang='lat' dir='ltr'><strong>‚tantarum</strong></span> <span class='ocrx_word' id='word_1_192' title='bbox 935 2243 1120 2283; x_wconf 81' lang='lat' dir='ltr'><strong>rerum</strong></span> <span class='ocrx_word' id='word_1_193' title='bbox 1160 2222 1473 2304; x_wconf 69' lang='lat' dir='ltr'><strong>potestatem</strong></span> <span class='ocrx_word' id='word_1_194' title='bbox 1515 2222 1587 2279; x_wconf 87' lang='lat' dir='ltr'><strong>ad</strong></span> <span class='ocrx_word' id='word_1_195' title='bbox 1624 2240 1788 2280; x_wconf 82' lang='lat' dir='ltr'><strong>unum</strong></span> <span class='ocrx_word' id='word_1_196' title='bbox 1825 2221 2052 2302; x_wconf 83' lang='lat' dir='ltr'><strong>aliquem</strong></span> <span class='ocrx_word' id='word_1_197' title='bbox 2087 2222 2436 2306; x_wconf 57' lang='lat' dir='ltr'><strong>deferendam</strong></span> <span class='ocrx_word' id='word_1_198' title='bbox 2467 2226 2590 2283; x_wconf 88' lang='lat' dir='ltr'><strong>exi-</strong></span> 
     </span>
    </p>

    <p class='ocr_par' dir='ltr' id='par_1_16' title="bbox 599 2299 2590 2388">
     <span class='ocr_line' id='line_1_26' title="bbox 599 2299 2590 2388; baseline -0.001 -21"><span class='ocrx_word' id='word_1_199' title='bbox 599 2308 881 2388; x_wconf 83' lang='lat' dir='ltr'><strong>stimarem</strong></span> <span class='ocrx_word' id='word_1_200' title='bbox 900 2346 918 2378; x_wconf 90' lang='lat'><strong>,</strong></span> <span class='ocrx_word' id='word_1_201' title='bbox 959 2303 1217 2388; x_wconf 66' lang='lat' dir='ltr'><strong>Quirites</strong></span> <span class='ocrx_word' id='word_1_202' title='bbox 1235 2347 1253 2378; x_wconf 93' lang='lat'><strong>,</strong></span> <span class='ocrx_word' id='word_1_203' title='bbox 1299 2299 1555 2365; x_wconf 77' lang='lat' dir='ltr'><strong>neminem</strong></span> <span class='ocrx_word' id='word_1_204' title='bbox 1588 2321 1731 2362; x_wconf 85' lang='lat' dir='ltr'><strong>certe</strong></span> <span class='ocrx_word' id='word_1_205' title='bbox 1751 2303 2004 2384; x_wconf 69' lang='lat' dir='ltr'><strong>Pompeio</strong></span> <span class='ocrx_word' id='word_1_206' title='bbox 2033 2323 2179 2363; x_wconf 87' lang='lat' dir='ltr'><strong>eram</strong></span> <span class='ocrx_word' id='word_1_207' title='bbox 2211 2304 2590 2386; x_wconf 83' lang='lat' dir='ltr'><strong>praelaturus.</strong></span> 
     </span>
    </p>

    <p class='ocr_par' dir='ltr' id='par_1_17' title="bbox 602 2383 2591 2475">
     <span class='ocr_line' id='line_1_27' title="bbox 602 2383 2591 2475; baseline -0.003 -23"><span class='ocrx_word' id='word_1_208' title='bbox 602 2388 787 2475; x_wconf 76' lang='lat' dir='ltr'><strong>Qem</strong></span> <span class='ocrx_word' id='word_1_209' title='bbox 826 2390 965 2447; x_wconf 87' lang='lat' dir='ltr'><strong>enim</strong></span> <span class='ocrx_word' id='word_1_210' title='bbox 1007 2408 1104 2447; x_wconf 88' lang='lat' dir='ltr'><strong>aut</strong></span> <span class='ocrx_word' id='word_1_211' title='bbox 1139 2392 1340 2469; x_wconf 85' lang='lat' dir='ltr'><strong>pe&#39;ritia</strong></span> <span class='ocrx_word' id='word_1_212' title='bbox 1382 2385 1467 2445; x_wconf 83' lang='lat' dir='ltr'><strong>rei</strong></span> <span class='ocrx_word' id='word_1_213' title='bbox 1505 2383 1763 2448; x_wconf 82' lang='lat' dir='ltr'><strong>militaris</strong></span> <span class='ocrx_word' id='word_1_214' title='bbox 1806 2385 1856 2444; x_wconf 83' lang='lat' dir='ltr'><strong>ei</strong></span> <span class='ocrx_word' id='word_1_215' title='bbox 1899 2389 2022 2444; x_wconf 80' lang='lat' dir='ltr'><strong>viro</strong></span> <span class='ocrx_word' id='word_1_216' title='bbox 2066 2383 2336 2466; x_wconf 67' lang='lat' dir='ltr'><strong>emiseram</strong></span> <span class='ocrx_word' id='word_1_217' title='bbox 2353 2428 2370 2459; x_wconf 92' lang='lat'>‚</span> <span class='ocrx_word' id='word_1_218' title='bbox 2428 2406 2591 2466; x_wconf 78' lang='lat' dir='ltr'><strong>quent</strong></span> 
     </span>
    </p>

    <p class='ocr_par' dir='ltr' id='par_1_18' title="bbox 524 2465 2586 2552">
     <span class='ocr_line' id='line_1_28' title="bbox 524 2465 2586 2552; baseline -0.007 -17"><span class='ocrx_word' id='word_1_219' title='bbox 524 2507 531 2522; x_wconf 60' lang='grc' dir='ltr'><em>ι</em></span> <span class='ocrx_word' id='word_1_220' title='bbox 602 2477 772 2534; x_wconf 78' lang='lat' dir='ltr'><strong>adhuc</strong></span> <span class='ocrx_word' id='word_1_221' title='bbox 805 2487 940 2552; x_wconf 82' lang='lat' dir='ltr'><strong>pene</strong></span> <span class='ocrx_word' id='word_1_222' title='bbox 975 2487 1208 2550; x_wconf 83' lang='lat' dir='ltr'><strong>puerum</strong></span> <span class='ocrx_word' id='word_1_223' title='bbox 1243 2474 1594 2551; x_wconf 83' lang='lat' dir='ltr'><strong>imperatores</strong></span> <span class='ocrx_word' id='word_1_224' title='bbox 1634 2465 1855 2545; x_wconf 84' lang='lat' dir='ltr'><strong>hostium</strong></span> <span class='ocrx_word' id='word_1_225' title='bbox 1890 2470 2218 2542; x_wconf 81' lang='lat' dir='ltr'><strong>timuerunt,</strong></span> <span class='ocrx_word' id='word_1_226' title='bbox 2273 2467 2447 2545; x_wconf 85' lang='lat' dir='ltr'><strong>nostri</strong></span> <span class='ocrx_word' id='word_1_227' title='bbox 2486 2489 2586 2527; x_wconf 88' lang='lat' dir='ltr'><strong>or..</strong></span> 
     </span>
    </p>

    <p class='ocr_par' dir='ltr' id='par_1_19' title="bbox 601 2546 2587 2629">
     <span class='ocr_line' id='line_1_29' title="bbox 601 2546 2587 2629; baseline -0.004 -13"><span class='ocrx_word' id='word_1_228' title='bbox 601 2573 809 2617; x_wconf 81' lang='lat' dir='ltr'><strong>narum</strong></span> <span class='ocrx_word' id='word_1_229' title='bbox 826 2594 844 2626; x_wconf 90' lang='lat'>‚</span> <span class='ocrx_word' id='word_1_230' title='bbox 905 2556 1119 2612; x_wconf 83' lang='lat' dir='ltr'><strong>externi</strong></span> <span class='ocrx_word' id='word_1_231' title='bbox 1170 2571 1347 2612; x_wconf 76' lang='lat' dir='ltr'><strong>omnes</strong></span> <span class='ocrx_word' id='word_1_232' title='bbox 1400 2550 1750 2611; x_wconf 81' lang='lat' dir='ltr'><strong>admirationi</strong></span> <span class='ocrx_word' id='word_1_233' title='bbox 1801 2546 2104 2608; x_wconf 78' lang='lat' dir='ltr'><strong>habuerunt</strong></span> <span class='ocrx_word' id='word_1_234' title='bbox 2121 2546 2149 2605; x_wconf 67' lang='grc' dir='ltr'><strong><em>ἓ</em></strong></span> <span class='ocrx_word' id='word_1_235' title='bbox 2169 2551 2182 2578; x_wconf 78' lang='lat'>²</span> <span class='ocrx_word' id='word_1_236' title='bbox 2216 2551 2332 2608; x_wconf 77' lang='lat' dir='ltr'><strong>Aut</strong></span> <span class='ocrx_word' id='word_1_237' title='bbox 2371 2552 2433 2608; x_wconf 84' lang='lat' dir='ltr'><strong>in</strong></span> <span class='ocrx_word' id='word_1_238' title='bbox 2476 2569 2587 2629; x_wconf 82' lang='lat' dir='ltr'><strong>quo</strong></span> 
     </span>
    </p>

    <p class='ocr_par' dir='ltr' id='par_1_20' title="bbox 601 2625 2587 2713">
     <span class='ocr_line' id='line_1_30' title="bbox 601 2625 2587 2713; baseline -0.005 -15"><span class='ocrx_word' id='word_1_239' title='bbox 601 2637 874 2698; x_wconf 83' lang='lat' dir='ltr'><strong>lubentius</strong></span> <span class='ocrx_word' id='word_1_240' title='bbox 910 2632 1222 2713; x_wconf 73' lang='lat' dir='ltr'><strong>conspiciam</strong></span> <span class='ocrx_word' id='word_1_241' title='bbox 1258 2651 1521 2694; x_wconf 85' lang='lat' dir='ltr'><strong>novorum</strong></span> <span class='ocrx_word' id='word_1_242' title='bbox 1556 2631 1815 2691; x_wconf 79' lang='lat' dir='ltr'><strong>honorum</strong></span> <span class='ocrx_word' id='word_1_243' title='bbox 1851 2633 2299 2711; x_wconf 80' lang='lat' dir='ltr'><strong>imperiorumque</strong></span> <span class='ocrx_word' id='word_1_244' title='bbox 2327 2625 2587 2712; x_wconf 66' lang='lat' dir='ltr'><strong>infigam,</strong></span> 
     </span>
    </p>

    <p class='ocr_par' dir='ltr' id='par_1_21' title="bbox 600 2710 2585 2813">
     <span class='ocr_line' id='line_1_31' title="bbox 600 2710 2585 2813; baseline -0.004 -34"><span class='ocrx_word' id='word_1_245' title='bbox 600 2731 760 2813; x_wconf 70' lang='lat' dir='ltr'><strong>quam</strong></span> <span class='ocrx_word' id='word_1_246' title='bbox 794 2721 886 2799; x_wconf 83' lang='lat' dir='ltr'><strong>qui</strong></span> <span class='ocrx_word' id='word_1_247' title='bbox 918 2735 951 2773; x_wconf 89' lang='lat' dir='ltr'><strong>a</strong></span> <span class='ocrx_word' id='word_1_248' title='bbox 986 2715 1057 2775; x_wconf 88' lang='lat' dir='ltr'><strong>L.</strong></span> <span class='ocrx_word' id='word_1_249' title='bbox 1091 2714 1246 2775; x_wconf 84' lang='lat' dir='ltr'><strong>Sulla</strong></span> <span class='ocrx_word' id='word_1_250' title='bbox 1279 2718 1486 2775; x_wconf 84' lang='lat' dir='ltr'><strong>victore</strong></span> <span class='ocrx_word' id='word_1_251' title='bbox 1511 2713 1762 2795; x_wconf 85' lang='lat' dir='ltr'><strong>Magnus</strong></span> <span class='ocrx_word' id='word_1_252' title='bbox 1794 2711 1866 2790; x_wconf 69' lang='lat' dir='ltr'><strong>eli</strong></span> <span class='ocrx_word' id='word_1_253' title='bbox 1901 2730 1968 2793; x_wconf 90' lang='lat' dir='ltr'><strong>ap</strong></span> <span class='ocrx_word' id='word_1_254' title='bbox 2006 2710 2230 2782; x_wconf 74' lang='lat' dir='ltr'><strong>ellatus,·</strong></span> <span class='ocrx_word' id='word_1_255' title='bbox 2274 2714 2370 2791; x_wconf 84' lang='lat' dir='ltr'><strong>qui</strong></span> <span class='ocrx_word' id='word_1_256' title='bbox 2398 2711 2585 2790; x_wconf 74' lang='lat' dir='ltr'><strong>vestro</strong></span> 
     </span>
    </p>

    <p class='ocr_par' dir='ltr' id='par_1_22' title="bbox 584 2792 2588 2881">
     <span class='ocr_line' id='line_1_32' title="bbox 584 2792 2588 2881; baseline -0.003 -22"><span class='ocrx_word' id='word_1_257' title='bbox 584 2797 744 2881; x_wconf 78' lang='lat' dir='ltr'><strong>Juffit</strong></span> <span class='ocrx_word' id='word_1_258' title='bbox 763 2842 781 2873; x_wconf 92' lang='lat'><strong>,</strong></span> <span class='ocrx_word' id='word_1_259' title='bbox 836 2813 1001 2880; x_wconf 85' lang='lat' dir='ltr'><strong>quum</strong></span> <span class='ocrx_word' id='word_1_260' title='bbox 1030 2795 1202 2857; x_wconf 84' lang='lat' dir='ltr'><strong>adhuc</strong></span> <span class='ocrx_word' id='word_1_261' title='bbox 1236 2816 1394 2877; x_wconf 83' lang='lat' dir='ltr'><strong>eques</strong></span> <span class='ocrx_word' id='word_1_262' title='bbox 1425 2795 1696 2856; x_wconf 86' lang='lat' dir='ltr'><strong>Romanus</strong></span> <span class='ocrx_word' id='word_1_263' title='bbox 1727 2792 1849 2874; x_wconf 66' lang='lat' dir='ltr'><strong>‘ff&#39;t</strong></span> <span class='ocrx_word' id='word_1_264' title='bbox 1864 2836 1883 2869; x_wconf 91' lang='lat'><strong>,</strong></span> <span class='ocrx_word' id='word_1_265' title='bbox 1958 2793 2094 2853; x_wconf 85' lang='lat' dir='ltr'><strong>emel</strong></span> <span class='ocrx_word' id='word_1_266' title='bbox 2124 2796 2431 2871; x_wconf 81' lang='lat' dir='ltr'><strong>iterumque</strong></span> <span class='ocrx_word' id='word_1_267' title='bbox 2469 2797 2588 2853; x_wconf 85' lang='lat' dir='ltr'><strong>tri-</strong></span> 
     </span>
    </p>

    <p class='ocr_par' dir='ltr' id='par_1_23' title="bbox 601 2870 2583 2962">
     <span class='ocr_line' id='line_1_33' title="bbox 601 2870 2583 2962; baseline -0.005 -22"><span class='ocrx_word' id='word_1_268' title='bbox 601 2879 880 2962; x_wconf 86' lang='lat' dir='ltr'><strong>umphavit</strong></span> <span class='ocrx_word' id='word_1_269' title='bbox 893 2903 912 2951; x_wconf 91' lang='lat'><strong>,·</strong></span> <span class='ocrx_word' id='word_1_270' title='bbox 969 2882 1097 2960; x_wconf 81' lang='lat' dir='ltr'><strong>qui,</strong></span> <span class='ocrx_word' id='word_1_271' title='bbox 1155 2898 1317 2960; x_wconf 87' lang='lat' dir='ltr'><strong>quum</strong></span> <span class='ocrx_word' id='word_1_272' title='bbox 1359 2876 1528 2937; x_wconf 86' lang='lat' dir='ltr'><strong>alium</strong></span> <span class='ocrx_word' id='word_1_273' title='bbox 1573 2876 1940 2959; x_wconf 71' lang='lat' dir='ltr'><strong>magistratum</strong></span> <span class='ocrx_word' id='word_1_274' title='bbox 1979 2896 2144 2957; x_wconf 82' lang='lat' dir='ltr'><strong>neque</strong></span> <span class='ocrx_word' id='word_1_275' title='bbox 2214 2870 2398 2954; x_wconf 77' lang='lat' dir='ltr'><strong>efflffet</strong></span> <span class='ocrx_word' id='word_1_276' title='bbox 2416 2917 2435 2948; x_wconf 91' lang='lat'><strong>,</strong></span> <span class='ocrx_word' id='word_1_277' title='bbox 2481 2897 2583 2935; x_wconf 82' lang='lat' dir='ltr'><strong>ne.</strong></span> 
     </span>
    </p>

    <p class='ocr_par' dir='ltr' id='par_1_24' title="bbox 601 2955 2583 3048">
     <span class='ocr_line' id='line_1_34' title="bbox 601 2955 2583 3048; baseline -0.004 -25"><span class='ocrx_word' id='word_1_278' title='bbox 601 2983 702 3043; x_wconf 83' lang='lat' dir='ltr'><strong>que</strong></span> <span class='ocrx_word' id='word_1_279' title='bbox 740 2962 922 3048; x_wconf 88' lang='lat' dir='ltr'><strong>ferme</strong></span> <span class='ocrx_word' id='word_1_280' title='bbox 970 2976 1071 3040; x_wconf 87' lang='lat' dir='ltr'><strong>per</strong></span> <span class='ocrx_word' id='word_1_281' title='bbox 1129 2978 1356 3036; x_wconf 78' lang='lat' dir='ltr'><strong>aetatem</strong></span> <span class='ocrx_word' id='word_1_282' title='bbox 1414 2956 1663 3041; x_wconf 73' lang='lat' dir='ltr'><strong>potuiJJet</strong></span> <span class='ocrx_word' id='word_1_283' title='bbox 1706 2978 1898 3041; x_wconf 82' lang='lat' dir='ltr'><strong>gerere</strong></span> <span class='ocrx_word' id='word_1_284' title='bbox 1920 3000 1939 3032; x_wconf 89' lang='lat'><strong>,</strong></span> <span class='ocrx_word' id='word_1_285' title='bbox 2004 2955 2159 3037; x_wconf 79' lang='lat' dir='ltr'><strong>confit</strong></span> <span class='ocrx_word' id='word_1_286' title='bbox 2218 2956 2408 3038; x_wconf 84' lang='lat' dir='ltr'><strong>factus</strong></span> <span class='ocrx_word' id='word_1_287' title='bbox 2459 2955 2534 3034; x_wconf 79' lang='lat' dir='ltr'><strong>est</strong></span> <span class='ocrx_word' id='word_1_288' title='bbox 2551 2957 2583 3015; x_wconf 67' lang='grc' dir='ltr'><strong>,ἲ</strong></span> 
     </span>
    </p>

    <p class='ocr_par' dir='ltr' id='par_1_25' title="bbox 602 3033 2585 3122">
     <span class='ocr_line' id='line_1_35' title="bbox 602 3033 2585 3122; baseline -0.009 -15"><span class='ocrx_word' id='word_1_289' title='bbox 602 3047 898 3107; x_wconf 85' lang='lat' dir='ltr'><strong>Praeterea</strong></span> <span class='ocrx_word' id='word_1_290' title='bbox 931 3059 1086 3101; x_wconf 85' lang='lat' dir='ltr'><strong>tanta</strong></span> <span class='ocrx_word' id='word_1_291' title='bbox 1122 3041 1194 3119; x_wconf 77' lang='lat' dir='ltr'><strong>est</strong></span> <span class='ocrx_word' id='word_1_292' title='bbox 1228 3043 1335 3104; x_wconf 79' lang='lat' dir='ltr'><strong>Cn.</strong></span> <span class='ocrx_word' id='word_1_293' title='bbox 1374 3043 1621 3122; x_wconf 73' lang='lat' dir='ltr'><strong>Pompeii</strong></span> <span class='ocrx_word' id='word_1_294' title='bbox 1656 3038 1936 3118; x_wconf 88' lang='lat' dir='ltr'><strong>modestia,</strong></span> <span class='ocrx_word' id='word_1_295' title='bbox 1982 3058 2044 3099; x_wconf 88' lang='lat' dir='ltr'><strong>ut</strong></span> <span class='ocrx_word' id='word_1_296' title='bbox 2063 3081 2081 3113; x_wconf 92' lang='lat'>‚</span> <span class='ocrx_word' id='word_1_297' title='bbox 2112 3033 2175 3116; x_wconf 80' lang='lat' dir='ltr'><strong>st&#39;</strong></span> <span class='ocrx_word' id='word_1_298' title='bbox 2203 3041 2288 3096; x_wconf 86' lang='lat' dir='ltr'><strong>cui</strong></span> <span class='ocrx_word' id='word_1_299' title='bbox 2325 3057 2451 3096; x_wconf 88' lang='lat' dir='ltr'><strong>uam</strong></span> <span class='ocrx_word' id='word_1_300' title='bbox 2487 3058 2585 3097; x_wconf 84' lang='lat' dir='ltr'><strong>tu-</strong></span> 
     </span>
    </p>

    <p class='ocr_par' dir='ltr' id='par_1_26' title="bbox 603 3119 2593 3205">
     <span class='ocr_line' id='line_1_36' title="bbox 603 3119 2593 3205; baseline -0.003 -19"><span class='ocrx_word' id='word_1_301' title='bbox 603 3148 659 3186; x_wconf 89' lang='lat' dir='ltr'><strong>to</strong></span> <span class='ocrx_word' id='word_1_302' title='bbox 715 3124 924 3187; x_wconf 80' lang='lat' dir='ltr'><strong>concedi</strong></span> <span class='ocrx_word' id='word_1_303' title='bbox 979 3124 1333 3188; x_wconf 87' lang='lat' dir='ltr'><strong>immoderata</strong></span> <span class='ocrx_word' id='word_1_304' title='bbox 1381 3127 1626 3205; x_wconf 82' lang='lat' dir='ltr'><strong>potentia</strong></span> <span class='ocrx_word' id='word_1_305' title='bbox 1676 3121 1839 3204; x_wconf 74' lang='lat' dir='ltr'><strong>poffit</strong></span> <span class='ocrx_word' id='word_1_306' title='bbox 1856 3165 1873 3197; x_wconf 89' lang='lat'><strong>,</strong></span> <span class='ocrx_word' id='word_1_307' title='bbox 1945 3122 2065 3182; x_wconf 85' lang='lat' dir='ltr'><strong>huic</strong></span> <span class='ocrx_word' id='word_1_308' title='bbox 2105 3121 2241 3180; x_wconf 87' lang='lat' dir='ltr'><strong>recti</strong></span> <span class='ocrx_word' id='word_1_309' title='bbox 2280 3138 2385 3178; x_wconf 83' lang='lat' dir='ltr'><strong>tme</strong></span> <span class='ocrx_word' id='word_1_310' title='bbox 2427 3119 2593 3180; x_wconf 84' lang='lat' dir='ltr'><strong>credi</strong></span> 
     </span>
    </p>

    <p class='ocr_par' dir='ltr' id='par_1_27' title="bbox 601 3196 2583 3289">
     <span class='ocr_line' id='line_1_37' title="bbox 601 3196 2583 3289; baseline -0.006 -21"><span class='ocrx_word' id='word_1_311' title='bbox 601 3207 878 3268; x_wconf 81' lang='lat' dir='ltr'><strong>videatur.</strong></span> <span class='ocrx_word' id='word_1_312' title='bbox 962 3204 1147 3289; x_wconf 77' lang='lat' dir='ltr'><strong>Qum</strong></span> <span class='ocrx_word' id='word_1_313' title='bbox 1198 3201 1449 3265; x_wconf 84' lang='lat' dir='ltr'><strong>lubenter</strong></span> <span class='ocrx_word' id='word_1_314' title='bbox 1500 3201 1595 3265; x_wconf 73' lang='lat' dir='ltr'><strong>ille</strong></span> <span class='ocrx_word' id='word_1_315' title='bbox 1646 3203 1795 3264; x_wconf 80' lang='lat' dir='ltr'><strong>vobis</strong></span> <span class='ocrx_word' id='word_1_316' title='bbox 1831 3203 2135 3286; x_wconf 80' lang='lat' dir='ltr'><strong>petentibus</strong></span> <span class='ocrx_word' id='word_1_317' title='bbox 2173 3196 2373 3279; x_wconf 71' lang='lat' dir='ltr'><strong>dimisit</strong></span> <span class='ocrx_word' id='word_1_318' title='bbox 2413 3221 2583 3261; x_wconf 83' lang='lat' dir='ltr'><strong>exer..</strong></span> 
     </span>
    </p>

    <p class='ocr_par' dir='ltr' id='par_1_28' title="bbox 220 3282 2587 3370">
     <span class='ocr_line' id='line_1_38' title="bbox 220 3282 2587 3370; baseline -0.004 -18"><span class='ocrx_word' id='word_1_319' title='bbox 220 3331 231 3358; x_wconf 85' lang='grc'><em>,</em></span> <span class='ocrx_word' id='word_1_320' title='bbox 336 3311 345 3330; x_wconf 89' lang='grc'><strong><em>·</em></strong></span> <span class='ocrx_word' id='word_1_321' title='bbox 603 3288 817 3351; x_wconf 81' lang='lat' dir='ltr'><strong>citum?</strong></span> <span class='ocrx_word' id='word_1_322' title='bbox 870 3307 1028 3370; x_wconf 83' lang='lat' dir='ltr'><strong>quam</strong></span> <span class='ocrx_word' id='word_1_323' title='bbox 1094 3286 1227 3349; x_wconf 86' lang='lat' dir='ltr'><strong>acile</strong></span> <span class='ocrx_word' id='word_1_324' title='bbox 1267 3308 1385 3347; x_wconf 90' lang='lat' dir='ltr'><strong>cum</strong></span> <span class='ocrx_word' id='word_1_325' title='bbox 1427 3285 1526 3348; x_wconf 90' lang='grc' dir='ltr'><strong>Μ.</strong></span> <span class='ocrx_word' id='word_1_326' title='bbox 1563 3283 1751 3366; x_wconf 75' lang='lat' dir='ltr'><strong>Craffi&gt;</strong></span> <span class='ocrx_word' id='word_1_327' title='bbox 1794 3287 1961 3347; x_wconf 83' lang='lat' dir='ltr'><strong>rediit</strong></span> <span class='ocrx_word' id='word_1_328' title='bbox 2002 3289 2060 3346; x_wconf 83' lang='lat' dir='ltr'><strong>in</strong></span> <span class='ocrx_word' id='word_1_329' title='bbox 2093 3282 2377 3366; x_wconf 81' lang='lat' dir='ltr'><strong>gratiam?</strong></span> <span class='ocrx_word' id='word_1_330' title='bbox 2420 3302 2587 3365; x_wconf 80' lang='lat' dir='ltr'><strong>quam</strong></span> 
     </span>
    </p>

    <p class='ocr_par' dir='ltr' id='par_1_29' title="bbox 602 3364 2582 3539">
     <span class='ocr_line' id='line_1_39' title="bbox 602 3364 2582 3453; baseline -0.002 -23"><span class='ocrx_word' id='word_1_331' title='bbox 602 3368 909 3453; x_wconf 82' lang='lat' dir='ltr'><strong>prudenter</strong></span> <span class='ocrx_word' id='word_1_332' title='bbox 948 3387 985 3429; x_wconf 75' lang='lat' dir='ltr'><strong>a</strong></span> <span class='ocrx_word' id='word_1_333' title='bbox 1047 3392 1075 3429; x_wconf 87' lang='lat' dir='ltr'><strong>e</strong></span> <span class='ocrx_word' id='word_1_334' title='bbox 1114 3373 1325 3452; x_wconf 84' lang='lat' dir='ltr'><strong>cupitae</strong></span> <span class='ocrx_word' id='word_1_335' title='bbox 1361 3371 1667 3450; x_wconf 83' lang='lat' dir='ltr'><strong>provinciae</strong></span> <span class='ocrx_word' id='word_1_336' title='bbox 1703 3371 1965 3436; x_wconf 78' lang='lat' dir='ltr'><strong>invidiam</strong></span> <span class='ocrx_word' id='word_1_337' title='bbox 1984 3409 2002 3442; x_wconf 92' lang='lat'><strong>,</strong></span> <span class='ocrx_word' id='word_1_338' title='bbox 2067 3364 2437 3444; x_wconf 66' lang='lat' dir='ltr'><strong>jurejurando</strong></span> <span class='ocrx_word' id='word_1_339' title='bbox 2486 3369 2582 3426; x_wconf 83' lang='lat' dir='ltr'><strong>in-</strong></span> 
     </span>
     <span class='ocr_line' id='line_1_40' title="bbox 609 3444 2478 3539; baseline -0.005 -26"><span class='ocrx_word' id='word_1_340' title='bbox 609 3447 861 3535; x_wconf 68' lang='lat' dir='ltr'><strong>terpofito</strong></span> <span class='ocrx_word' id='word_1_341' title='bbox 906 3456 965 3512; x_wconf 85' lang='lat' dir='ltr'><strong>in</strong></span> <span class='ocrx_word' id='word_1_342' title='bbox 1006 3450 1218 3539; x_wconf 77' lang='lat' dir='ltr'><strong>nullam</strong></span> <span class='ocrx_word' id='word_1_343' title='bbox 1257 3471 1327 3511; x_wconf 80' lang='lat' dir='ltr'><strong>ex</strong></span> <span class='ocrx_word' id='word_1_344' title='bbox 1368 3448 1646 3532; x_wconf 82' lang='lat' dir='ltr'><strong>consulatu</strong></span> <span class='ocrx_word' id='word_1_345' title='bbox 1685 3453 1924 3523; x_wconf 85' lang='lat' dir='ltr'><strong>iturum,</strong></span> <span class='ocrx_word' id='word_1_346' title='bbox 1976 3445 2229 3507; x_wconf 79' lang='lat' dir='ltr'><strong>amolitus</strong></span> <span class='ocrx_word' id='word_1_347' title='bbox 2269 3445 2390 3525; x_wconf 72' lang='lat' dir='ltr'><strong>cst?</strong></span> <span class='ocrx_word' id='word_1_348' title='bbox 2472 3444 2478 3449; x_wconf 77' lang='grc'><strong><em>’</em></strong></span> 
     </span>
    </p>
   </div>
   <div class='ocr_carea' id='block_1_11' title="bbox 253 3541 2594 3888">
    <p class='ocr_par' dir='ltr' id='par_1_30' title="bbox 253 3541 2594 3888">
     <span class='ocr_line' id='line_1_41' title="bbox 286 3541 2594 3654; baseline -0.004 -31"><span class='ocrx_word' id='word_1_349' title='bbox 286 3581 463 3654; x_wconf 60' lang='lat' dir='ltr'><strong>mg„</strong></span> <span class='ocrx_word' id='word_1_350' title='bbox 491 3582 591 3650; x_wconf 54' lang='grc' dir='ltr'><strong>,με</strong></span> <span class='ocrx_word' id='word_1_351' title='bbox 712 3541 959 3624; x_wconf 70' lang='lat' dir='ltr'><strong>xxm.</strong></span> <span class='ocrx_word' id='word_1_352' title='bbox 1012 3558 1215 3620; x_wconf 82' lang='lat' dir='ltr'><strong>Verum</strong></span> <span class='ocrx_word' id='word_1_353' title='bbox 1254 3561 1525 3619; x_wconf 83' lang='lat' dir='ltr'><strong>enimvero</strong></span> <span class='ocrx_word' id='word_1_354' title='bbox 1563 3579 1628 3619; x_wconf 87' lang='lat' dir='ltr'><strong>ne</strong></span> <span class='ocrx_word' id='word_1_355' title='bbox 1662 3560 1829 3619; x_wconf 86' lang='lat' dir='ltr'><strong>otium</strong></span> <span class='ocrx_word' id='word_1_356' title='bbox 1873 3553 2001 3616; x_wconf 80' lang='lat' dir='ltr'><strong>mihi</strong></span> <span class='ocrx_word' id='word_1_357' title='bbox 2037 3556 2220 3635; x_wconf 80' lang='lat' dir='ltr'><strong>potius</strong></span> <span class='ocrx_word' id='word_1_358' title='bbox 2240 3597 2259 3629; x_wconf 90' lang='lat'><strong>‚</strong></span> <span class='ocrx_word' id='word_1_359' title='bbox 2287 3572 2463 3644; x_wconf 29' lang='lat' dir='ltr'><strong>,quam</strong></span> <span class='ocrx_word' id='word_1_360' title='bbox 2490 3552 2594 3615; x_wconf 83' lang='lat' dir='ltr'><strong>bo-</strong></span> 
     </span>
     <span class='ocr_line' id='line_1_42' title="bbox 257 3578 2588 3722; baseline -0.006 -13"><span class='ocrx_word' id='word_1_361' title='bbox 257 3653 567 3709; x_wconf 64' lang='lat' dir='ltr'><strong>cremam</strong></span> <span class='ocrx_word' id='word_1_362' title='bbox 616 3662 699 3702; x_wconf 90' lang='lat' dir='ltr'><strong>mo</strong></span> <span class='ocrx_word' id='word_1_363' title='bbox 715 3684 735 3718; x_wconf 90' lang='lat'>‚</span> <span class='ocrx_word' id='word_1_364' title='bbox 779 3642 1062 3722; x_wconf 82' lang='lat' dir='ltr'><strong>displicet:</strong></span> <span class='ocrx_word' id='word_1_365' title='bbox 1119 3660 1284 3722; x_wconf 84' lang='lat' dir='ltr'><strong>neque</strong></span> <span class='ocrx_word' id='word_1_366' title='bbox 1321 3641 1576 3721; x_wconf 82' lang='lat' dir='ltr'><strong>Pompejo</strong></span> <span class='ocrx_word' id='word_1_367' title='bbox 1612 3578 1704 3702; x_wconf 60' lang='grc' dir='ltr'><strong>ἔοι·</strong></span> <span class='ocrx_word' id='word_1_368' title='bbox 1744 3635 2087 3700; x_wconf 82' lang='lat' dir='ltr'><strong>adimendum</strong></span> <span class='ocrx_word' id='word_1_369' title='bbox 2123 3633 2224 3717; x_wconf 72' lang='lat' dir='ltr'><strong>effe</strong></span> <span class='ocrx_word' id='word_1_370' title='bbox 2262 3639 2550 3716; x_wconf 74' lang='lat' dir='ltr'><strong>imperium</strong></span> <span class='ocrx_word' id='word_1_371' title='bbox 2566 3676 2588 3709; x_wconf 90' lang='lat'><strong>,</strong></span> 
     </span>
     <span class='ocr_line' id='line_1_43' title="bbox 256 3714 2592 3806; baseline -0.004 -20"><span class='ocrx_word' id='word_1_372' title='bbox 256 3740 368 3776; x_wconf 70' lang='lat'><strong>0⁸⁸0</strong></span> <span class='ocrx_word' id='word_1_373' title='bbox 382 3734 591 3806; x_wconf 58' lang='lat' dir='ltr'><strong>raptam</strong></span> <span class='ocrx_word' id='word_1_374' title='bbox 603 3723 708 3806; x_wconf 70' lang='lat' dir='ltr'><strong>fid</strong></span> <span class='ocrx_word' id='word_1_375' title='bbox 739 3727 939 3786; x_wconf 83' lang='lat' dir='ltr'><strong>nemini</strong></span> <span class='ocrx_word' id='word_1_376' title='bbox 977 3721 1287 3784; x_wconf 82' lang='lat' dir='ltr'><strong>mortalium</strong></span> <span class='ocrx_word' id='word_1_377' title='bbox 1320 3722 1705 3783; x_wconf 82' lang='lat' dir='ltr'><strong>concedendum</strong></span> <span class='ocrx_word' id='word_1_378' title='bbox 1743 3719 2001 3800; x_wconf 76' lang='lat' dir='ltr'><strong>existimo.</strong></span> <span class='ocrx_word' id='word_1_379' title='bbox 2065 3714 2440 3800; x_wconf 84' lang='lat' dir='ltr'><strong>Jamprimum</strong></span> <span class='ocrx_word' id='word_1_380' title='bbox 2469 3736 2592 3777; x_wconf 82' lang='lat' dir='ltr'><strong>ma·</strong></span> 
     </span>
     <span class='ocr_line' id='line_1_44' title="bbox 253 3799 2593 3888; baseline -0.002 -23"><span class='ocrx_word' id='word_1_381' title='bbox 253 3802 563 3865; x_wconf 53' lang='lat' dir='ltr'><strong>“mmm&#39;&#39;-</strong></span> <span class='ocrx_word' id='word_1_382' title='bbox 596 3806 759 3887; x_wconf 75' lang='lat' dir='ltr'><strong>joras</strong></span> <span class='ocrx_word' id='word_1_383' title='bbox 801 3804 1006 3885; x_wconf 83' lang='lat' dir='ltr'><strong>nostri,</strong></span> <span class='ocrx_word' id='word_1_384' title='bbox 1055 3800 1435 3888; x_wconf 80' lang='lat' dir='ltr'><strong>sapienuffimi</strong></span> <span class='ocrx_word' id='word_1_385' title='bbox 1483 3803 1736 3866; x_wconf 84' lang='lat' dir='ltr'><strong>mortales</strong></span> <span class='ocrx_word' id='word_1_386' title='bbox 1750 3847 1770 3881; x_wconf 89' lang='lat'><strong>,</strong></span> <span class='ocrx_word' id='word_1_387' title='bbox 1832 3820 1996 3885; x_wconf 84' lang='lat' dir='ltr'><strong>quum</strong></span> <span class='ocrx_word' id='word_1_388' title='bbox 2045 3819 2172 3862; x_wconf 87' lang='lat' dir='ltr'><strong>ante</strong></span> <span class='ocrx_word' id='word_1_389' title='bbox 2210 3803 2385 3866; x_wconf 82' lang='lat' dir='ltr'><strong>omnia</strong></span> <span class='ocrx_word' id='word_1_390' title='bbox 2422 3799 2593 3860; x_wconf 84' lang='lat' dir='ltr'><strong>vide-</strong></span> 
     </span>
    </p>
   </div>
   <div class='ocr_carea' id='block_1_12' title="bbox 272 2190 590 2317">
    <p class='ocr_par' dir='ltr' id='par_1_31' title="bbox 272 2190 590 2317">
     <span class='ocr_line' id='line_1_45' title="bbox 303 2190 590 2276; baseline 0 -31"><span class='ocrx_word' id='word_1_391' title='bbox 303 2195 366 2259; x_wconf 66' lang='grc' dir='ltr'><strong>ρ.</strong></span> <span class='ocrx_word' id='word_1_392' title='bbox 401 2190 590 2276; x_wconf 59' lang='grc' dir='ltr'><strong>ραιιιΙὶ</strong></span> 
     </span>
     <span class='ocr_line' id='line_1_46' title="bbox 272 2273 469 2317; baseline 0 -1"><span class='ocrx_word' id='word_1_393' title='bbox 272 2273 469 2317; x_wconf 73' lang='lat' dir='ltr'><strong>erano.</strong></span> 
     </span>
    </p>
   </div>
   <div class='ocr_carea' id='block_1_13' title="bbox 430 3985 2588 4137">
    <p class='ocr_par' dir='ltr' id='par_1_32' title="bbox 430 3985 2588 4137">
     <span class='ocr_line' id='line_1_47' title="bbox 430 3985 2588 4069; baseline -0.004 -18"><span class='ocrx_word' id='word_1_394' title='bbox 430 4057 431 4062; x_wconf 7' lang='grc' dir='ltr'>ἵ</span> <span class='ocrx_word' id='word_1_395' title='bbox 518 4005 558 4028; x_wconf 72' lang='lat'><strong>⁴*</strong></span> <span class='ocrx_word' id='word_1_396' title='bbox 681 3994 828 4069; x_wconf 83' lang='lat' dir='ltr'><strong>Cap.</strong></span> <span class='ocrx_word' id='word_1_397' title='bbox 863 3995 982 4050; x_wconf 81' lang='lat' dir='ltr'><strong>XX.</strong></span> <span class='ocrx_word' id='word_1_398' title='bbox 1038 3991 1158 4052; x_wconf 64' lang='lat' dir='ltr'><strong>otc.</strong></span> <span class='ocrx_word' id='word_1_399' title='bbox 1191 4011 1305 4068; x_wconf 81' lang='lat' dir='ltr'><strong>pro</strong></span> <span class='ocrx_word' id='word_1_400' title='bbox 1336 3994 1519 4052; x_wconf 84' lang='lat' dir='ltr'><strong>Corn.</strong></span> <span class='ocrx_word' id='word_1_401' title='bbox 1554 4003 1613 4049; x_wconf 89' lang='lat' dir='ltr'><strong>et</strong></span> <span class='ocrx_word' id='word_1_402' title='bbox 1647 3990 1730 4046; x_wconf 86' lang='lat' dir='ltr'><strong>ibi</strong></span> <span class='ocrx_word' id='word_1_403' title='bbox 1761 3989 1976 4046; x_wconf 79' lang='lat' dir='ltr'><strong>Ascon.</strong></span> <span class='ocrx_word' id='word_1_404' title='bbox 2026 3987 2165 4046; x_wconf 83' lang='lat' dir='ltr'><strong>Dio.</strong></span> <span class='ocrx_word' id='word_1_405' title='bbox 2251 3985 2397 4059; x_wconf 82' lang='lat' dir='ltr'><strong>Cap.</strong></span> <span class='ocrx_word' id='word_1_406' title='bbox 2433 3985 2588 4044; x_wconf 79' lang='lat' dir='ltr'><strong>xxt.</strong></span> 
     </span>
     <span class='ocr_line' id='line_1_48' title="bbox 610 4053 2490 4137; baseline -0.004 -19"><span class='ocrx_word' id='word_1_407' title='bbox 610 4061 763 4121; x_wconf 83' lang='lat' dir='ltr'><strong>Plut.</strong></span> <span class='ocrx_word' id='word_1_408' title='bbox 796 4063 1007 4137; x_wconf 82' lang='lat' dir='ltr'><strong>Pomp.</strong></span> <span class='ocrx_word' id='word_1_409' title='bbox 1038 4079 1092 4121; x_wconf 76' lang='lat' dir='ltr'><strong>o.</strong></span> <span class='ocrx_word' id='word_1_410' title='bbox 1119 4063 1206 4134; x_wconf 78' lang='lat'><strong>4¹·</strong></span> <span class='ocrx_word' id='word_1_411' title='bbox 1240 4072 1301 4120; x_wconf 85' lang='lat' dir='ltr'><strong>et</strong></span> <span class='ocrx_word' id='word_1_412' title='bbox 1327 4062 1469 4120; x_wconf 81' lang='lat' dir='ltr'><strong>Dio.</strong></span> <span class='ocrx_word' id='word_1_413' title='bbox 1552 4063 1700 4137; x_wconf 80' lang='lat' dir='ltr'><strong>Cap.</strong></span> <span class='ocrx_word' id='word_1_414' title='bbox 1725 4059 1904 4119; x_wconf 74' lang='lat' dir='ltr'><strong>xxa.</strong></span> <span class='ocrx_word' id='word_1_415' title='bbox 1939 4056 2074 4115; x_wconf 88' lang='lat' dir='ltr'><strong>Dio.</strong></span> <span class='ocrx_word' id='word_1_416' title='bbox 2116 4053 2268 4119; x_wconf 88' lang='lat' dir='ltr'><strong>Vell.</strong></span> <span class='ocrx_word' id='word_1_417' title='bbox 2303 4071 2357 4125; x_wconf 64' lang='grc' dir='ltr'><strong>π,</strong></span> <span class='ocrx_word' id='word_1_418' title='bbox 2394 4073 2490 4125; x_wconf 78' lang='lat'><strong>29.</strong></span> 
     </span>
    </p>
   </div>
   <div class='ocr_carea' id='block_1_14' title="bbox 2699 2579 2704 3162">
    <p class='ocr_par' dir='ltr' id='par_1_33' title="bbox 2699 2579 2704 3162">
     <span class='ocr_line' id='line_1_49' title="bbox 2699 2579 2704 3162; baseline 0 0"><span class='ocrx_word' id='word_1_419' title='bbox 2699 2579 2704 3162; x_wconf 95' lang='lat' dir='ltr'><strong> </strong></span> 
     </span>
    </p>
   </div>
  </div>
 </body>
</html>
