2717 4667
31 661 40 674 κ
98 642 316 700 captum
350 647 430 683 oc·

530 95 541 128 Ι

364 219 369 228 ·
417 219 418 222 Ν
447 212 566 275 250
650 210 1209 275 FREmsnffln
1234 162 2060 306 suPrLEMENroRUM
2074 183 2223 276 Lm.
2241 210 2409 308 mv,

112 416 191 478 U.
218 440 267 475 c.
298 422 422 489 670·
574 419 679 479 ΙΙΙ.
739 417 1128 502 Bompejus,
1179 416 1483 499 cognito,
1531 419 2236 483 Coss'urae-Carbonem
2271 419 2442 492 ess'e,

85 490 181 580 ,Α·
215 493 389 560 (232-
455 498 535 562 ad
569 499 1249 583 comprehendendum
1288 518 1435 559 eum
1466 499 1665 561 misit.
1752 501 1966 581 Quum
2003 501 2092 562 ita
2124 514 2449 563 retractus

147 563 429 615 ⁰⁶⁷b⁰¹¹m
458 583 526 643 in
569 582 854 645 Siciliam
908 582 1099 654 estet,
1159 589 1454 653 ceteroS,
1522 582 1634 664 qui
1673 581 1937 661 judicati
1974 577 2187 645 hostes
2229 595 2415 644 erant
2430 610 2460 655 ,-

94 700 228 753 σω,
302 739 308 743 ,
452 686 583 726 non
626 664 924 725 admiffos
962 663 1033 724 in
1067 674 1488 746 conspectum
1519 666 1679 724 Pom
1730 664 1870 746 ejus
1913 665 2064 727 duci
2105 666 2315 747 justit:
2380 665 2456 725 in

231 736 246 755 ⁶
456 747 755 812 Carbone
792 746 967 807 visus
1011 744 1098 807 est
1140 764 1210 805 se
1252 743 1503 827 g‘effiss'e
1536 745 1673 806 inso
1703 748 1952 820 entius,
1999 768 2195 831 quum
2226 745 2455 831 adpe·
2546 821 2551 825 ,

454 828 571 891 des
615 845 768 890 su‘os
809 826 941 889 sisti
982 828 1270 892 vinctum
1312 825 1569 905 juberet
1603 841 1709 890 ter
1742 828 2113 905 consu‘lem3
2170 841 2236 890 et
2275 828 2453 913 ipse,

389 942 392 946 ·
452 931 577 997 pro
618 909 928 972 tribunali
968 909 1202 973 acerbe
1243 908 1312 968 in
1347 928 1494 970 eum
1535 910 1870 984 invectus,
1933 909 2238 989 (multum
2281 909 2458 972 indi:

451 1007 690 1078 gnante
727 1011 968 1053 corona
989 1017 1015 1064 ‚·
1117 1010 1233 1051 uae
1271 990 1444 1051 hunc
1483 994 1871 1053 acerrimum
1951 992 2227 1053 ueritiae
2257 994 2457 1053 Pom-

453 1074 619 1162 peii,
664 1095 748 1135 ne
782 1075 1071 1158 paternis
1153 1072 1299 1134 onis
1337 1073 1767 1156 spoliaretur,
1809 1074 1890 1136 de
1925 1093 2229 1135 ensorem
2263 1073 2456 1135 fuiss'e

455 1156 883 1235 meminerat‘)
936 1154 1075 1241 post
1116 1168 1244 1217 tam
1282 1174 1482 1239 grave
1521 1156 1874 1218 ludibrium
1912 1154 2148 1218 abduci
2186 1154 2268 1217 ad
2300 1177 2458 1238 sup-

457 1238 728 1325 plicium
771 1238 1143 1323 imperaret.
1611 1280 1613 1283 ⁴
2329 1245 2345 1286 l

173 1354 434 1428 Carbonis
579 1345 695 1408 IV.
738 1344 867 1405 Hic
911 1343 1123 1405 exitus
1163 1343 1484 1424 Carbonis
1524 1342 1686 1415 fuit,
1748 1342 1860 1427 qui
1890 1356 2010 1408 *tot
2057 1344 2126 1405 in
2177 1342 2342 1405 urbe
2389 1354 2459 1403 et

98 1441 239 1505 ’ΜΨ
256 1426 432 1492 defor-
458 1446 583 1511 per
630 1425 872 1488 ltaliam
924 1425 1118 1487 foeda
1169 1440 1433 1488 cruenta
1484 1445 1565 1487 ue
1620 1425 1910 1487 facinora
1965 1426 2255 1503 fecerat3
2327 1444 2462 1484 non

39 1501 52 1511 ⁴
102 1508 227 1545 ’'¹¹‘’
457 1508 687 1569 merita
724 1508 971 1603 magne,
1061 1530 1204 1569 uam
1242 1448 1620 1576 formidata,
1669 1520 1880 1569 morte
1917 1507 2258 1570 deformis.
2329 1504 2462 1566 Ubi

455 1591 633 1652 enim
669 1585 966 1672 dist'rmgi
1003 1609 1042 1672 g
1072 1587 1284 1652 adium
1318 1588 1504 1660 vidit,
1550 1590 1859 1651 simulans
1899 1587 2031 1651 sibi
2064 1590 2463 1670 alvum‘pur-

460 1673 644 1755 gari,
690 1672 904 1732 locum
944 1684 1010 1732 et
1050 1673 1327 1755 spatium
1367 1671 1627 1732 demiss'a
1674 1682 1740 1731 et
1779 1668 1986 1732 flebili
2023 1690 2189 1733 voce
2226 1668 2463 1734 mulie-

405 1786 414 1791 ·
460 1754 673 1815 briter
761 1753 938 1825 etiit‚
984 1752 1390 1820 miserrimae
1440 1773 1521 1814 ue
1553 1752 1727 1814 vitae
1764 1751 2035 1814 brevem
2069 1752 2322 1812 usuram
2355 1770 2463 1812 ra-

349 1875 358 1884 s
460 1834 641 1919 puit,
748 1854 909 1895 onec
956 1848 1147 1917 caput
1184 1836 1251 1896 in
1290 1854 1402 1896 sor
1448 1835 1560 1900 ido
1598 1834 1746 1894 loco
1785 1833 2078 1898 sedentis
2118 1831 2465 1916 impatiens

423 1983 428 1988 ,
462 1936 686 1977 morae
723 1915 911 1977 miles
946 1913 1330 1978 demeteret.
1414 1915 1487 1978 ld
1530 1915 1882 1998 Pompeius
1927 1916 2106 1977 misit
2152 1917 2464 1985 Romam,

460 2011 536 2059 ut
566 1997 792 2058 oculos
820 1998 1036 2059 Sullae
1066 1996 1192 2059 hoc
1225 1998 1596 2094 spectaculo
1625 2012 1947 2081 pasceret.
2032 2000 2167 2059 Per
2195 1993 2468 2057 eosdem

463 2079 608 2141 dies
653 2078 735 2162 Q.
769 2078 1018 2142 Valerii
1058 2080 1292 2142 Soram
1335 2079 1465 2141 fata
1509 2078 2096 2163 reprehensionem
2125 2074 2465 2161 Pompeii,

463 2170 533 2242 et
583 2161 1096 2243 indignationem
1154 2162 1490 2223 hominum
1544 2160 1931 2224 habuerunt.
2008 2179 2201 2246 quem
2264 2157 2467 2220 addu-

463 2257 639 2305 ctum
661 2287 678 2317 ‚
742 2242 890 2327 quia
927 2242 1382 2327 peritiss'imum
1423 2242 1837 2306 humanitatis
1880 2258 1946 2307 et
1983 2244 2348 2329 priscarum
2383 2239 2467 2299 li.

455 2339 755 2388 'terarum
797 2338 1107 2398 noverat,
1170 2326 1449 2388 comiter
1495 2346 1620 2387 una
1646 2323 2082 2402 ,deambulans
2121 2323 2204 2385 de
2244 2321 2466 2383 multis

464 2408 667 2470 rebus
714 2408 1185 2491 interrogavit:
1243 2427 1431 2481 mox,
1488 2408 1637 2480 ubi,
1684 2430 1847 2493 quae
1880 2410 2222 2477 voluerat,
2274 2403 2471 2465 etiam

465 2510 769 2552 arcanum
817 2492 1061 2551 Romae
1108 2511 1342 2552 nomen
1389 2490 1681 2573 accepit,
1746 2490 1888 2554 abri
1936 2492 1959 2550 i
2019 2499 2471 2570 &conspectu

464 2572 680 2636 virum
736 2570 1052 2636 trucidari
1101 2590 1187 2634 ue.
1239 2571 1434 2659 juffit.
1535 2576 1840 2634 Ceterum
1945 2591 2025 2633 oc
2080 2566 2474 2654 postremum

469 2653 554 2717 de
588 2654 909 2750 Pompeio
947 2652 1029 2747 Q.
1127 2676 1168 2737 p
1220 2653 1319 2714 ius
1357 2653 1661 2727 tradidit,
1730 2656 1803 2717 C.
1842 2654 2133 2720 Caesaris
2186 2651 2469 2722 amicus,

465 2750 540 2799 ut
573 2735 821 2823 aliquid
863 2734 1015 2801 odio
1058 2734 1139 2796 de
1189 2735 1302 2796 iss'e
1348 2736 1662 2799 videatur.

153 2846 445 2918 Pompeius
499 2898 511 2911 ,
581 2842 672 2905 V.
720 2845 877 2903 Nam
904 2840 1279 2928 Pompejus‚
1327 2840 1424 2901 uti
1457 2841 1850 2929 praecipuos
1886 2840 2301 2904 inimicorum
2320 2837 2473 2900 Sul-

121 2918 180 3002 {³3
218 2916 421 2997 Siqigia
466 2924 569 2989 lae
606 2937 673 2988 et
704 2924 910 3009 palam
947 2922 1200 2984 oblatos
1234 2919 1542 3005 castigare
1573 2924 1896 2988 necess'um
1926 2923 2186 2995 habuit,
2229 2920 2317 2982 ita
2346 2939 2475 2981 nec

111 3002 207 3054 μ’
242 2986 406 3096 “im“
472 3004 709 3091 cupide
739 3004 1091 3089 requisivit
1120 3006 1429 3077 latentes,
1472 2995 1540 3067 'et
1569 3006 1953 3091 quibusdam
1985 3002 2344 3086 effugiendi
2367 3000 2473 3062 fe-

470 3089 563 3151 cit
645 3085 996 3148 ot'estatem.
1081 3086 1376 3159 Deinde,
1485 3088 1590 3149 uia
1640 3088 1884 3150 bellum
1931 3085 2057 3173 jam
2102 3086 2349 3150 nullum
2398 3082 2472 3144 in

396 3184 400 3188 ’
469 3170 607 3234 Sici
634 3170 695 3234 ia
731 3180 1092 3254 supererat,
1137 3168 1365 3253 versus
1410 3190 1443 3229 a
1526 3189 1636 3233 res
1678 3169 1930 3234 insulae
1963 3165 2473 3251 componendas,

447 3250 702 3337 ‘jusque
745 3250 1127 3324 dicendum,
1170 3250 1359 3313 valde
1402 3250 1730 3316 recreavit
1768 3249 2209 3348 Provinciam,
2258 3248 2474 3310 solers

465 3332 644 3398 idem
686 3346 754 3400 et
787 3333 1209 3416 incorruptus
1247 3333 1663 3417 publicorum
1695 3347 2229 3421 privatorumque
2265 3349 2473 3412 nego-

465 3415 711 3490 tiorum
762 3414 1086 3510 cognitor.
1172 3413 1356 3509 Quae
1412 3436 1521 3478 res
1571 3435 1652 3478 eo
1707 3416 1957 3499 gratior
2009 3413 2249 3477 Siculis
2302 3410 2474 3484 fuit,

467 3498 648 3582 quod
692 3497 910 3564 multis
960 3494 1085 3578 jam
1130 3497 1318 3557 annis
1371 3497 1615 3562 dictum
1670 3497 1741 3560 in
1787 3518 1860 3564 ea
1905 3495 2118 3560 insula
2161 3514 2291 3555 non
2336 3512 2499 3554 me«

466 3581 810 3647 minet-ant.
897 3578 1307 3643 Mamertinis
1350 3593 1601 3652 tamen,
1646 3578 1928 3649 tribunal
1967 3576 2107 3658 ejus
2143 3574 2476 3660 praescri·
2552 3618 2565 3622 -

467 3663 695 3751 ptione
733 3658 900 3746 juris
938 3658 1170 3728 vetusti
1209 3660 1721 3736 declinantibus,
1779 3661 2003 3756 paullo
2062 3657 2476 3726 acerbiorem

541 3825 689 3907 Cap.
719 3832 827 3889 ΙΙΙ.
867 3831 1123 3906 Appiam.
1159 3832 1316 3892 Plut.
1352 3834 1561 3905 Pomp.
1599 3831 1764 3891 Flor.
1797 3832 1851 3898 3,
1887 3848 1973 3891 21.
2008 3830 2141 3887 Val.
2164 3832 2318 3887 Max.
2336 3828 2389 3895 5,
2414 3829 2472 3896 3,

468 3903 525 3963 5.
553 3913 611 3958 et
640 3904 693 3969 6,
734 3923 788 3968 2,
820 3902 875 3958 8.
952 3906 1098 3977 Cap.
1134 3902 1244 3959 IV.
1279 3900 1420 3958 Sall.
1456 3904 1671 3958 Incert.
1699 3921 1747 3955 1.
1783 3900 1936 3958 Plut.
1972 3899 2100 3956 Liv.
2133 3898 2292 3971 Epit.
2333 3897 2472 3953 Val.

468 3973 626 4030 Max.
655 3973 838 4042 9,'13.
877 3969 1136 4044 Appiam.
1174 3970 1337 4025 Flor.
1378 3970 1533 4027 Plut.
1572 3970 1726 4026 Plin.
1755 3971 1808 4039 3,
1836 3970 1892 4026 5.
1934 3967 2124 4025 Solin.
2168 3987 2219 4023 c.
2256 3986 2302 4023 ι.
2350 3968 2482 4022 Ma-

471 4041 643 4099 crob.
692 4039 889 4095 Satur.
922 4045 975 4106 3,
1014 4059 1074 4111 9.
1121 4039 1274 4093 Plut.
1320 4040 1546 4121 quaest.
1592 4040 1763 4096 Rom.
1803 4058 1858 4094 c.
1889 4040 1978 4094 6o.
2035 4039 2182 4117 Gap.
2205 4039 2282 4102 V,
2316 4036 2478 4097 Plut.

469 4110 676 4188 Pomp.
714 4106 894 4169 Diod.
928 4108 1088 4188 apud
1113 4108 1555 4172 Vahzoaam.
1593 4108 1772 4170 Diod·
1813 4108 1969 4170 Plut-
