2717 4667
599 257 725 339 646
763 258 1209 362 ‘FREINSE
1244 254 2079 324 SUPPLEMENTORUM
2101 258 2264 322 Lm·
2283 244 2522 320 Exxt.

380 467 575 536 0508.
602 470 778 535 buno
819 438 1036 554 plebis
1076 468 1156 531 ad
1192 466 1506 553 populum
1549 467 1793 537 acriter
1825 466 1915 531 est
1944 483 2303 532 accusatus.
2378 471 2601 554 Quum

381 538 451 596 C·
470 540 559 610 54·
602 556 1015 617 damnaretur
1032 572 1212 623 reus,
1245 552 1531 613 Sisenna
1550 546 1815 615 Gabinii
1843 547 2017 613 filius
2051 551 2132 612 ad
2158 552 2367 637 pedes
2388 559 2599 616 Mem-

289 425 363 523 u.

267 537 367 593 ςΑ.

225 1457 554 1577 'Emendatio

216 1580 443 1641 Tiberis·

248 3209 515 3265 Gabinius

191 3278 508 3340 damnatur.

600 636 719 700 mii
756 634 1128 720 procubuit,
1172 652 1296 718 pro
1331 644 1518 714 patre
1556 630 1638 694 de
1691 631 2119 694 recabundus.
2194 637 2365 696 Eum
2389 640 2600 699 Mem·
2698 694 2699 697 ,

594 719 766 781 mins
811 716 982 779 truci
1022 715 1205 778 vultu
1242 727 1576 778 aversatus
1611 737 1646 774 a
1675 714 2004 799 iquamdiu
2034 715 2214 777 humi
2246 716 2473 797 jacere
2510 721 2599 781 si-

593 801 711 864 vit.
798 800 979 861 Haec
1021 797 1321 881 specieS,
1384 808 1450 857 et
1496 796 1677 879 quod‘
1719 797 2013 860 excuffus
2060 814 2111 860 e‘
2141 819 2331 861 manu
2372 799 2598 864 adole-
2698 850 2699 881 ἦ

594 881 841 945 scentis
869 880 1141 942 annulus
1172 878 1541 950 visebatur,
1586 877 1675 939 ita
1705 878 1977 941 mutavit
2002 878 2249 943 animos
2269 923 2286 953 ,
2330 895 2441 953 ut,
2488 905 2599 968 ap..

513 1015 518 1020 .
641 961 1022 1025 robantibus
1054 963 1308 1023 cunctis
1328 1003 1346 1032 ,
1393 982 1428 1021 a
1462 958 1981 1044 tribunofplebis
2012 963 2241 1026 Laelio
2272 963 2598 1026 Gabinius

520 1094 526 1105 .
589 985 1057 1109 Simitteretur.
1144 1041 1372 1105 Postea
1405 1062 1666 1126 quoque
1695 1055 1870 1105 tanta
1905 1042 1973 1105 in
1999 1042 2330 1123 judicibus
2357 1066 2602 1129 rogan-

592 1126 697 1190 dis
734 1125 1069 1189 contentio
1114 1127 1232 1187 Cn.'
1266 1120 1573 1209 Pompej'i'
1600 1123 1747 1197 fuit,
1797 1127 2095 1189 Caesaris
2137 1128 2335 1190 etiam
2369 1129 2602 1191 amicis
2698 1120 2699 1147 ³

531 1214 542 1225 ”
591 1202 786 1272 enike
818 1207 1309 1294 opitulantibus,
1346 1220 1438 1280 ut,
1471 1227 1506 1266 a
1528 1207 1640 1349 1,st
1627 1208 1909 1307 Lentulo
1927 1209 2237 1272 Flaminis
2260 1208 2402 1276 filio
2424 1211 2603 1309 apud

592 1288 2201 1453 ffamfflfiutdsszz‘iffzttffl⁶2b2‘33v853325‘⁹⁸⁹
2271 1292 2602 1356 G³¹²¹⁰¹¹¹³

714 1509 828 1575 IV.
890 1503 1288 1571 Permoleste
1321 1516 1463 1568 reni
1502 1526 1642 1569 eam
1680 1505 1961 1591 populus
1996 1506 2182 1570 tulit:
2241 1506 2407 1572 adeo
2449 1510 2601 1594 qui·

533 1658 538 1663 ,
590 1588 742 1654 dem
787 1591 1187 1663 concitatus,
1252 1601 1322 1650 ut
1358 1610 1585 1675 parum
1621 1587 1946 1661 abfuerit,
2048 1591 2161 1651 uin
2194 1590 2344 1676 ipso
2383 1591 2454 1652 in
2496 1593 2599 1674 jn-

588 1672 766 1736 dicio
805 1673 1218 1757 discerperet
1252 1691 1474 1744 reum,
1538 1686 1606 1733 et
1659 1671 1837 1733 inter
1889 1670 2019 1733 diri
2068 1674 2266 1735 endas
2318 1674 2598 1740 tabellas

584 1752 915 1838 judicibus
954 1754 1120 1837 ipsis
1157 1767 1434 1816 mortem
1471 1754 1849 1819 minaretur.
1934 1752 2165 1839 Igitur,
2207 1755 2445 1819 frustra
2478 1759 2595 1821 ob-

580 1838 840 1901 nitente
868 1835 1223 1922 Pompejo,
1271 1835 1657 1917 sibyllinum
1705 1855 1964 1899 carmen
2007 1836 2222 1901 denuo
2264 1839 2597 1925 invulgari

577 1920 1042 2004 pervicerunt:
1108 1932 1174 1981 et
1228 1918 1347 1980 sub
1400 1917 1574 1980 idem
1627 1924 1884 2000 tenipus
1937 1916 2208 1983 fortuita
2254 1942 2403 1996 res,
2476 1924 2592 1987 sed
2698 1998 2699 2013 χ

573 2003 758 2066 velut
799 2023 879 2065 ex
918 1996 1254 2097 cbmpacto
1296 1999 1361 2059 in
1407 1999 1590 2061 illum
1626 2006 2004 2084 temporum<
2031 2004 2370 2066 articulum
2404 2007 2587 2068 veni-

573 2103 732 2156 ens,
796 2097 926 2146 tam
970 2082 1184 2144 valide
1228 2082 1585 2143 commovit
1625 2081 1969 2155 homines,
2033 2097 2143 2156 ut,
2198 2085 2363 2148 licet
2415 2089 2584 2149 nulla

531 2160 794 2227 ‘statuta
851 2167 918 2227 in
975 2164 1167 2227 libris
1221 2183 1433 2247 poena
1490 2163 1746 2233 fuerat,
1816 2166 2211 2228 atrociss’imo
2259 2170 2582 2255 supplicio

572 2246 896 2311 Gabinius
938 2246 1269 2308 voluntate
1305 2245 1717 2329 singulorum
1748 2259 1812 2306 et
1845 2261 2106 2310 senatus
2135 2246 2580 2313 destinaretur.

569 2329 778 2394 Forte
835 2330 953 2391 sub
1008 2327 1277 2403 eosdem
1332 2326 1479 2389 dies
1523 2333 1766 2389 Romae
1821 2340 1887 2388 et
1934 2329 2209 2392 maxime
2249 2333 2469 2415 Appia
2509 2333 2587 2395 ad

495 2474 504 2491 f
567 2413 801 2475 Martis
858 2412 1020 2472 mira
1073 2408 1452 2493 p‘roluvieS,
1521 2409 1886 2471 exundante
1927 2410 2159 2473 Tiberi
2196 2411 2452 2493 fluvio,
2523 2430 2587 2479 et

570 2513 784 2577 usque
843 2493 922 2554 ad
972 2490 1291 2576 piscinam
1343 2489 1669 2575 publicam
1726 2511 1953 2573 magna
2008 2492 2109 2554 vis
2166 2514 2371 2579 aquae
2421 2497 2584 2560 fuit:

571 2574 993 2659 oppletisque
1035 2573 1332 2658 partibus
1371 2563 1806 2634 inferioribus
1842 2573 2177 2650 omnibus,
2221 2596 2306 2636 ne
2345 2577 2587 2641 editio-

568 2676 644 2716 ra
686 2655 948 2739 quidem
984 2656 1296 2718 intentata
1334 2651 1643 2717 fluctibus
1678 2669 2075 2725 manserunt.
2140 2662 2372 2740 Magna
2403 2661 2587 2724 aedi-

568 2734 878 2798 ficiorum
919 2735 1159 2819 strages
1201 2749 1516 2821 sequuta,
1565 2756 1755 2818 quae,
1801 2735 2084 2799 lateritia
2124 2760 2318 2822 quum
2355 2742 2584 2818 ess'ent,

563 2818 638 2894 fi
666 2838 974 2913 aquarum
1004 2816 1464 2880 solvebantur:
1488 2817 1747 2899 ¹ingens
1780 2817 2219 2899 jumentorum
2239 2842 2581 2899 numerus,

568 2894 872 2963 homines
912 2919 1176 2983 quoque
1216 2900 1402 2963 multi
1441 2897 1742 2962 suffocati
1775 2899 1962 2982 aquis
1992 2915 2097 2964 aut
2126 2903 2419 2988 oppress'i
2446 2905 2584 2967 rui-

568 3002 653 3042 na
690 2982 1059 3066 perierunt.
1145 2982 1328 3053 Haec
1384 2982 1598 3043 omnia
1649 2980 1898 3044 infensi
1945 2981 2025 3043 ad
2072 2983 2235 3045 iram
2286 2986 2585 3049 Deorum

569 3063 991 3139 referebant,
1047 3078 1303 3147 spretas
1336 3062 1697 3147 religiones
1733 3061 2223 3128 vindicantium.
2458 3088 2463 3092 ·

695 3194 778 3256 V.
824 3194 1034 3279 Igitur
1074 3195 1153 3257 ad
1191 3199 1281 3257 M.
1319 3196 1588 3261 Catonis
1626 3196 1942 3271 tribunal,
1991 3197 2105 3282 qui
2145 3197 2227 3259 de
2263 3213 2580 3283 repetun-

574 3275 678 3338 dis
703 3275 1062 3355 J'udicabat,
1107 3276 1517 3340 adduxerunt
1548 3299 1766 3354 reum,
1812 3281 2027 3343 minus
2060 3277 2182 3358 jam
2214 3282 2575 3355 timentem,

571 3357 725 3443 quia
777 3359 1119 3420 maximam
1163 3359 1704 3437 adversariorum,
1732 3358 2178 3445 'tempestatem
2225 3362 2577 3424 incolumis

619 3442 956 3503 ertulerat.
1065 3438 1199 3503 Sed
1246 3438 1693 3520 uindicatus,
1757 3443 1879 3528 'qui
1924 3455 1991 3504 et
2036 3443 2350 3527 populum
2382 3445 2577 3506 time-

566 3463 724 3609 bant
745 3564 764 3596 ‚
810 3536 875 3585 et
909 3543 945 3583 a
981 3543 1102 3585 reo
1138 3536 1530 3606 acceperant
1565 3523 1767 3598 nihil,
1811 3524 2272 3586 condemnatus
2297 3529 2331 3597 ‚⁶
2360 3526 2576 3588 solum

566 3603 793 3669 vertit.
877 3606 1083 3671 Erant
1119 3604 1293 3667 enim
1327 3617 1503 3669 tanta
1531 3603 1673 3686 ejus
1702 3620 1960 3689 tamque
1992 3604 2318 3668 manifesta
2351 3607 2575 3668 crimi-

566 3706 687 3758 na,
734 3684 1094 3771 populique
1129 3685 1643 3770 indignationem
1680 3687 1768 3750 ita
1801 3685 2252 3750 vehementem
2283 3708 2573 3750 commo-

566 3773 838 3838 verant,
903 3782 975 3829 ut
1015 3767 1213 3830 nullis
1255 3767 1644 3852 praesidiis,
1713 3791 1909 3854 quum
1948 3768 2190 3852 habere
2227 3769 2573 3835 videretur

566 3844 768 3932 longe
804 3845 1193 3924 firmiffima,
1253 3850 1507 3933 set-‚vari
1546 3851 1775 3938 polI'et.
2500 3874 2506 3895 ¹

639 4032 785 4104 Cap.
810 4036 914 4089 ΙΙΙ.
956 4036 1090 4093 Val.
1119 4039 1273 4093 Max.
1306 4035 1365 4107 8,
1396 4057 1448 4095 ι.
1483 4037 1623 4105 Dio,
1657 4025 1716 4094 et
1741 4038 1866 4097 nic.
1899 4037 1973 4094 ad
2002 4038 2058 4120 Q
2105 4041 2297 4095 Fratr-
2325 4040 2385 4107 3,
2416 4041 2474 4097 3.
2509 4050 2569 4098 et

568 4101 644 4182 4..
665 4112 724 4156 et
755 4101 829 4154 ad
864 4104 978 4158 Att.
1018 4106 1085 4173 4,
1124 4108 1209 4161 ι6.
1287 4105 1436 4189 Gap.
1463 4109 1569 4163 IV.
1622 4108 1753 4192 Dio..
1809 4110 1933 4166 Cic.
1970 4127 2046 4169 uu
2077 4111 2383 4195 Q.Frat1·.
2409 4110 2480 4181 ὅ,
2504 4127 2562 4182 7.

567 4166 712 4228 Dio.
781 4171 942 4246 Cap-0
962 4175 1042 4235 V.
1080 4170 1300 4234 Asson.
1332 4193 1398 4235 m
1429 4175 1640 4239 Scaur.
1673 4179 1815 4239 Dio·
