2717 4667
486 261 579 322 m
620 256 923 322 Locmu
961 259 1503 322 12113.Lxxxm.
1543 257 1764 325 mvn.
2019 257 2132 338 ,ιη

144 463 292 525 niam
329 479 400 525 et
432 465 668 547 copias
698 479 767 526 et
790 485 1105 525 annonam
1131 464 1419 549 undique
1448 464 1932 537 contrahebant,
1973 484 2134 547 opu·
2193 467 2264 521 U.
2298 483 2349 519 c.
2382 466 2504 537 667.

146 545 558 607 lentiffimum
594 566 917 629 quemque
954 546 1406 619 sollicitantes,
1454 566 1682 609 eorum
1717 547 1987 606 maxime
2016 564 2135 627 po-
2196 535 2266 591 Α·
2296 536 2469 591 &35-

152 629 439 711 polorum
461 669 480 699 ‚
516 629 643 709 qui
679 647 891 710 nuper
925 625 1143 710 adepti
1178 628 1281 709 jus
1320 629 1604 690 civitatis
1635 632 1960 689 Romanae
1993 627 2137 687 fue·
2459 623 2466 630 ’

158 723 313 770 rant:
358 709 553 793 quod
586 710 852 770 illorum
887 710 1095 772 caussa
1133 712 1343 770 omnia
1383 724 1448 772 et
1480 711 1724 781 facere,
1770 724 1835 770 et
1870 708 2002 791 pati
2040 706 2140 767 di-

163 805 383 851 cerent.
497 783 770 852 ClalI'em
810 791 1002 852 etiam
1041 789 1467 864 instruebant,
1533 792 1757 853 accitis
1795 792 2067 885 insuper
2106 809 2143 850 e

165 872 361 933 Sicilia
400 873 717 945 navibus,
767 893 1074 956 oramque
1113 893 1367 935 omnem
1407 875 1788 936 maritimam
1828 871 2146 934 custodie-

157 952 314 1014 bant:
359 968 551 1015 metu
591 966 656 1014 et
686 953 1073 1037 cupiditate,
1121 955 1374 1017 duobus
1414 956 1815 1019 validissimis
1854 951 2143 1026 stimulis,

152 1034 443 1178 nihil'bad
491 1036 949 1097 exactiffimam
1001 1035 1405 1121 diligentiam
1461 1038 1703 1122 reliqui
1759 1035 1979 1098 facere
2034 1054 2147 1097 co-

151 1131 316 1199 genti
368 1138 473 1177 us·

257 1225 429 1284 xm.
478 1223 707 1305 Igitur,
747 1225 1155 1307 quantumvis
1188 1225 1256 1285 in
1283 1224 1561 1287 arbitrio
1597 1237 1857 1285 senatus
1896 1243 1976 1285 se
2001 1222 2148 1283 fore

152 1301 344 1365 Cinna
378 1303 814 1388 promiserat,
849 1306 923 1367 id
951 1304 1147 1368 modo
1185 1320 1568 1390 exspectans
1600 1306 1952 1388 temporiS,
2000 1304 2151 1365 dum

150 1386 337 1469 legati
378 1383 1011 1469 proficiscerentur,
1064 1387 1145 1448 ad
1188 1388 1522 1471 ingenium
1560 1386 1794 1449 rediit:
1854 1400 1954 1459 et,
2001 1386 2153 1469 quia

154 1488 269 1529 non
307 1468 510 1529 unius
549 1470 701 1528 anni
740 1468 1034 1530 laborem
1075 1473 1146 1531 se
1183 1471 1522 1553 suscipere
1557 1468 2001 1551 intelligebat,
2048 1487 2151 1527 se-

156 1570 265 1631 que
317 1565 387 1610 et
428 1550 799 1612 Carbonem
853 1550 1149 1613 consules
1208 1552 1274 1611 in
1328 1552 1668 1612 biennium
1719 1550 2000 1620 creavit,
2066 1567 2150 1608 ne

159 1632 589 1692 comitiorum—
622 1633 827 1692 causs'a
883 1635 1133 1694 reverti
1188 1633 1256 1694 in
1305 1633 1537 1694 urbem
1585 1632 1903 1693 necess'um
1952 1627 2150 1690 bahe-

162 1726 337 1773 rent„
360 1709 546 1804 Quid
600 1714 709 1773 uid
744 1711 984 1774 deinde
1010 1732 1256 1797 cogere
1286 1703 1564 1774 militum
1598 1712 1936 1773 undelibet
1964 1716 2153 1794 pose-

154 1803 317 1866 rant,
358 1794 434 1852 in
479 1793 563 1856 Li
614 1815 814 1855 urnos
853 1795 1388 1878 praemittebant:
1452 1793 1626 1880 quod
1674 1793 1828 1854 inde
1878 1793 2152 1854 maxime

162 1874 527 1936 advenienti
570 1876 785 1937 Sullae
820 1874 1279 1939 constituerant
1315 1897 1691 1940 occurrere.
1759 1879 1841 1935 Et
1872 1877 2155 1959 primum

166 1956 400 2039 quidem
440 1958 941 2038 praemissorum
977 1979 1204 2040 agmen
1238 1959 1560 2054 prospero
1598 1957 1787 2020 cursu
1815 1956 2154 2036 trajectum

164 2034 271 2098 est:
330 2059 622 2121 sequens
677 2036 1052 2138 tempestate
1099 2040 1178 2101 ad
1220 2043 1416 2103 litora
1461 2042 1814 2122 rejectum:
1881 2039 2156 2099 milites-

157 2140 305 2202 que,
364 2118 795 2182 exscensione
840 2120 1006 2182 facta
1035 2165 1050 2195 ‚
1113 2123 1356 2184 bellum
1395 2123 1589 2185 civile
1626 2119 1948 2193 detestati,
2007 2142 2154 2182 suas

151 2202 429 2285 quisque
485 2201 719 2264 domos
771 2205 1243 2297 repetiverunt.
1344 2203 1556 2284 Hujus
1601 2202 1703 2264 rei
1745 2201 1910 2263 fama
1960 2223 2157 2285 quum

148 2283 268 2344 late
318 2305 550 2366 sparsa
597 2285 790 2358 ess'et,
856 2305 980 2365 jam
1035 2306 1228 2349 nemo
1286 2302 1462 2361 erat,
1540 2285 1654 2371 qui
1714 2284 2154 2347 conscendere

144 2385 373 2433 navem
408 2366 640 2430 vellet.
1971 2393 1978 2400 ·
2215 2406 2284 2461 U·
2304 2424 2354 2461 c·
2376 2405 2499 2462 663·

256 2471 440 2536 XIV.
474 2471 769 2534 .1dcirco
801 2472 1042 2546 Cinna,
1097 2473 1223 2554 jam
1263 2486 1560 2556 quartum
1603 2472 1873 2544 consul,
1931 2469 2148 2532 Anco·
2215 2475 2484 2541 Α.Ο»84.
2565 2541 2574 2554 ι

146 2572 321 2627 nam,
367 2553 491 2614 ubi
529 2574 796 2637 magnae
838 2569 1273 2638 congregatae
1310 2554 1541 2650 copiae
1574 2567 1795 2625 erant,
1843 2552 2148 2624 accurrit,
2202 2543 2523 2632 ‚la-Cpme·
2573 2575 2592 2594 *-

148 2648 209 2695 ut
244 2636 498 2696 minaci
533 2636 834 2699 oratione
871 2637 1176 2710 territos,
1250 2638 1357 2700 vel
1402 2636 1644 2697 invitos
1687 2629 1757 2695 in
1793 2654 1991 2697 naves
2029 2635 2150 2693 im·
2176 2610 2514 2736 ss⁰1ytcff

149 2731 450 2797 poneret.
548 2716 895 2782 Nesciebat
942 2718 1093 2800 ille,
1159 2741 1271 2780 sua
1320 2719 1553 2801 suique
1600 2716 1904 2778 similium
1949 2737 2148 2799 opera
2178 2697 2418 2805 ΟἰῙᾶ-’ῃο
2501 2713 2518 2732 ’

152 2809 382 2859 tantam
438 2800 571 2861 ess'e
616 2799 849 2862 factam
893 2820 1147 2861 morum
1192 2801 1761 2884 depravationem,
1826 2810 1896 2858 ut
1935 2797 2148 2859 occidi
2214 2788 2413 2873 ,ςηίῃῑο
2429 2816 2533 2869 mi.

155 2898 183 2936 a
219 2881 549 2942 militibus
606 2880 1109 2964 imperatorem,
1176 2885 1324 2965 quia
1367 2901 1608 2943 novum
1654 2900 1785 2940 non
1825 2892 1999 2952 erat,
2063 2897 2146 2940 ne
2175 2889 2357 2944 titum.

155 2979 448 3045 magnum
508 2961 775 3045 quidem
837 2964 1085 3026 crimen
1146 2964 1523 3026 baberetur.
1623 2964 1828 3024 Erant
1935 2974 2152 3022 raeter
2214 2956 2494 3025 PmP't‘u‘

160 3042 298 3104 alias
343 3045 593 3106 causs'as
639 3046 1006 3108 exacerbati
1046 3045 1323 3106 militum
1367 3043 1602 3115 animi,
1713 3042 1837 3104 uod
1929 3062 2151 3126 ompe-
2179 3026 2321 3077 ‘'¹⁶'‘
2343 3040 2402 3075 θ’
2425 3036 2515 3101 ‘3⁶‘

159 3120 245 3200 ius
296 3125 725 3200 adolescens,
791 3148 987 3212 quum
1030 3128 1102 3188 in
1147 3125 1341 3189 castra
1375 3127 1616 3188 Cinnae
1695 3125 1880 3187 uiss'et
1929 3092 2496 3207 p1⁴ose-fl'¹⁸s¹‘⁸⁸⁸‘

167 3218 326 3297 etue,
388 3208 808 3282 calumniam,
866 3223 932 3271 et
974 3228 1054 3269 ex
1099 3209 1415 3270 calumnia
1458 3207 1825 3293 periculum
1869 3206 2153 3349 fugiens,

172 3302 491 3367 ignoratus
555 3310 628 3350 se
689 3291 1116 3355 subduxerat:
1189 3291 1564 3378 militesque
1621 3290 1783 3375 clam
1841 3287 1958 3350 sub
1986 3302 2157 3348 atum

174 3370 668 3453 suspicabantur.

178 3553 191 3567 ⁸
275 3478 420 3542 XV.
472 3477 588 3537 Sic
610 3478 1028 3543 exacerbatae
1058 3477 1686 3562 multitudiniquum
1713 3500 1783 3542 se
1813 3478 2018 3541 Cinna
2039 3475 2156 3537 ob-

166 3558 435 3634 Jeciss'et.
482 3559 662 3622 sorte
706 3560 977 3635 accidit,
1024 3575 1094 3623 ut
1123 3561 1359 3633 lictor,
1409 3560 1596 3634 dum,
1655 3562 1722 3622 in
1772 3560 2158 3621 concionem

174 3652 350 3702 eunte
388 3639 682 3712 consule,
727 3642 977 3705 turbam
1020 3642 1383 3715 submovet,
1430 3640 1700 3705 militem
1734 3642 2158 3726 contemptim

171 3717 561 3790 resistentem
601 3722 905 3805 pulsaret,
949 3724 1360 3807 vicissimque
1398 3723 1476 3785 ab
1514 3724 1641 3785 alio
1678 3724 1883 3786 milite
1918 3744 2155 3808 percu·

171 3812 427 3865 teretur.
519 3805 617 3864 lbi
681 3827 873 3888 quum
935 3804 1238 3870 accensus
1293 3808 1390 3868 ira
1445 3806 1663 3869 consul
1715 3805 2156 3901 perculsorem

176 3885 408 3971 corripi
448 3884 746 3967 juberet,
811 3887 947 3951 boc
984 3888 1241 3950 initium
1285 3889 1595 3952 tumultus
1645 3887 1805 3949 fuit:
1873 3886 2155 3950 sublato-

233 4070 374 4148 ·Cap.
405 4073 563 4127 XIV.
604 4072 831 4128 Auctor
861 4072 933 4129 de
967 4023 1111 4128 viris
1147 4074 1344 4128 illustr.
1381 4039 1639 4149 Appian.
1675 4073 1805 4139 Liv.
1835 4072 1995 4147 Epit.
2034 4069 2152 4146 Ap,-

178 4151 323 4206 Pmn·
354 4140 509 4197 Plut.
543 4143 750 4218 Pomp.
822 4143 963 4221 Cap.
997 4144 1127 4204 XV.
1162 4143 1419 4220 Appiani.
1813 4205 1822 4210 .
