2717 4667
459 228 606 368 ²4²

1239 225 1853 301 EPITOME

454 457 715 517 senatu
770 445 1081 533 missus,
1134 446 1256 515 Cn.
1299 448 1693 517 Carbonem
1708 499 1743 542 4
1791 449 1914 536 qui
1947 423 2140 532 flens
2188 429 2603 528 muliebriter

453 579 791 673 mortem·
813 573 1024 654 tulit,
1092 579 1389 656 captum
1437 575 1716 648 occidit.

1828 574 2082 657 Sulla,
2151 572 2464 637 dictator
2496 572 2604 651 fa·

454 704 668 780 ctus,
742 677 939 783 quoii
991 719 1201 766 nemo
1257 717 1617 784 umquam
1667 695 1995 782 fecerat,
2068 718 2237 764 cum
2294 696 2636 789 fascibus·

456 825 706 915 viginti
769 831 1088 910 quatuor
1146 825 1508 911 processit.

452 1016 744 1089 pondere,
780 1019 841 1074 ei
862 1019 1198 1078 incubuit?
1234 1016 1386 1073 Illud
1411 1037 1507 1073 au-

453 1098 572 1140 tem
604 1087 665 1142 ei
693 1085 864 1140 facile
896 1086 1035 1141 elidi
1067 1091 1263 1160 potuit
1334 1088 1509 1141 artim

452 1155 529 1209 ab
576 1153 780 1235 ultima
835 1157 1010 1211 litera
1058 1175 1274 1229 praece
1318 1157 1507 1222 entis,

450 1231 667 1349 psartim
700 1241 732 1277 a
764 1225 952 1296 prima
994 1228 1290 1299 sequentis
1321 1225 1510 1282 vocis·

499 1327 529 1348 -.
565 1290 638 1345 ad
669 1294 771 1361 89,
805 1299 871 1363 6,
904 1314 956 1350 2.
995 1297 1311 1350 Praeterea
1344 1296 1412 1351 in
1444 1313 1510 1352 se

455 1380 626 1418 verso
651 1382 945 1420 mucrone
971 1365 1034 1420 ei
1048 1366 1354 1446 incubuit,
1393 1382 1508 1436 pro

450 1433 738 1487 mucroni
764 1432 1087 1499 incubuit,
1138 1432 1357 1487 dictum
1396 1432 1510 1487 erit

453 1498 662 1555 eodem
683 1501 877 1567 modo,
918 1520 1035 1574 quo
1062 1500 1307 1576 junctis
1336 1521 1508 1559 exer-

452 1568 707 1634 citibus,
746 1571 895 1626 victi
924 1579 1067 1627 sunt
1099 1571 1177 1626 ab
1209 1573 1300 1628 eis
1331 1588 1510 1643 supra

448 1637 610 1709 Epit.
634 1638 723 1693 68.
764 1638 865 1691 ubi
900 1639 1011 1693 alia
1040 1639 1199 1695 vide.

522 1706 675 1761 Cum
706 1709 970 1780 imperio
1001 1708 1078 1764 ab
1111 1716 1335 1764 senatu
1368 1710 1510 1765 mis-

447 1781 574 1834 sus]
599 1775 895 1832 ltaGron.
929 1795 1082 1830 anno
1115 1781 1267 1833 1065.
1299 1775 1504 1843 edidit,

445 1861 560 1916 pro
596 1863 634 1899 a
662 1853 886 1900 senatu
902 1866 927 1916 ,-
965 1845 1125 1917 qu'od
1145 1864 1262 1899 non
1283 1857 1508 1899 tantum

446 1921 684 1965 servant
735 1930 936 1967 omnes
987 1914 1223 1986 priores
1273 1914 1506 1982 excusi,

447 1980 551 2034 sed
580 1998 780 2034 omnes
812 1982 984 2035 etiam
1015 1982 1188 2037 codd.
1212 1982 1346 2049 mei,
1368 1984 1506 2038 Exc-

435 2048 697 2115 I’ithoei‚
737 2059 796 2102 et
831 2052 1013 2105 Norv.
1069 2052 1204 2105 Μαι
1238 2053 1346 2140 qui
1363 2052 1508 2123 sere

444 2117 746 2174 muliebri
750 2127 844 2174 ter
861 2128 1124 2176 mortem
1143 2122 1294 2178 tulit
1309 2121 1470 2176 Voss'.

512 2185 720 2252 Sulla,
763 2186 1040 2244 dictator
1059 2189 1298 2260 factus,
1342 2188 1511 2263 quod

443 2274 625 2311 nemo
675 2274 971 2326 umquam
1009 2258 1292 2329 fecerat,
1366 2278 1509 2314 cum

429 2324 724 2397 fascibus
769 2328 1002 2400 viginti
1048 2336 1321 2400 quatuor
1371 2346 1508 2398 pro·

445 2394 651 2453 cessit]
686 2393 751 2445 In
781 2395 928 2448 hanc
957 2396 1271 2450 lectionem
1305 2412 1507 2451 omnes

444 2461 654 2533 scripti
698 2471 756 2515 et
783 2464 937 2535 typis
975 2465 1228 2537 inpressi
1260 2482 1510 2519 consen.

443 2530 635 2598 tiunt3
690 2529 800 2585 nisi
842 2533 1001 2604 quod
1033 2537 1218 2590 Norv.
1262 2544 1322 2586 et
1371 2532 1504 2588 edd.

442 2599 748 2671 principes
779 2603 1121 2672 praeferant
1140 2636 1156 2664 ‚
1209 2602 1376 2676 quod
1405 2622 1508 2658 ne-

443 2688 545 2724 mo
591 2664 842 2741 quidem
896 2689 1192 2746 umquam
1229 2668 1509 2741 fecerat.

445 2736 565 2791 Sed
603 2745 766 2791 recte
814 2739 1082 2793 voculam
1172 2739 1380 2796 uidem
1415 2740 1505 2795 Si-

483 2822 583 2859 on.
620 2806 841 2860 omisit.
910 2811 986 2862 V.
1026 2807 1100 2862 ad
1188 2809 1291 2882 pit.
1320 2812 1412 2864 55.
1451 2817 1511 2864 et

442 2873 602 2930 infra
628 2872 741 2928 hoc
773 2875 883 2929 lib.
925 2877 1223 2944 Ceterum,
1263 2877 1509 2932 dictato·

441 2943 612 2997 ribus
657 2942 866 3017 viginti
917 2956 1172 3017 quatuor
1213 2948 1402 3003 fasces
1450 2956 1512 3001 et

444 3026 683 3068 secures
707 3014 996 3082 praelatas
1014 3015 1212 3082 fuisse,
1249 3034 1370 3069 uno
1402 3033 1511 3071 ore

445 3081 727 3135 testantur
771 3083 1098 3154 gravissimi
1148 3084 1505 3155 scriptores,

444 3148 658 3218 Polyb·
691 3151 759 3216 3,
792 3152 881 3219 87.
939 3151 1181 3223 Dionys.
1232 3154 1365 3208 Hal.
1406 3174 1503 3221 10,

446 3220 574 3274 650.
607 3216 905 3273 Plutarch.
945 3218 1004 3274 in
1034 3222 1179 3277 Fab.
1212 3240 1348 3295 pag.
1385 3227 1504 3286 17⁶.

447 3287 604 3362 App.
651 3283 817 3344 Alex.
856 3306 905 3344 t.
956 3287 1086 3345 Giv.
1121 3295 1246 3358 4¹2·
1296 3302 1354 3345 et
1393 3291 1508 3346 Dio

439 3358 595 3412 Cass’.
628 3356 716 3422 54,
749 3358 872 3413 521.
929 3358 1150 3412 Eorum
1181 3359 1508 3415 testimonio

446 3424 799 3480 adversatur
823 3426 920 3478 hic
946 3425 1133 3497 locus,
1175 3446 1243 3484 ex
1263 3447 1383 3501 quo
1407 3430 1507 3484 sta-

446 3490 731 3550 tuendum
763 3492 1034 3563 videtur,
1089 3497 1349 3569 primum
1386 3515 1507 3552 om-

445 3562 609 3617 nium
628 3559 848 3617 Sullam
879 3561 1228 3624 dictatorem
1261 3583 1393 3620 eum
1421 3567 1507 3621 vi..

447 3626 594 3704 giuti
625 3640 881 3715 quatuor
907 3632 1163 3689 fascibus
1190 3637 1511 3708 processis-

447 3715 533 3754 se.
585 3701 734 3754 Hinc
772 3711 1071 3769 permotus
1103 3703 1333 3777 Lipsius
1360 3725 1405 3759 ι.
1437 3709 1507 3761 Ε-

443 3767 578 3822 lect.
616 3769 704 3824 23.
751 3769 1063 3836 existimat,
1120 3774 1304 3827 verba
1342 3765 1510 3847 quod

444 3856 629 3893 nemo
648 3835 897 3909 quidem
927 3859 1221 3912 umquam
1233 3841 1507 3913 fecerat,

445 3916 742 3977 tamquam
789 3927 818 3958 a
866 3909 1030 3963 scioli
1079 3911 1378 3980 cujusdam
1420 3913 1505 3964 in-

445 3972 623 4027 fausta
649 3984 708 4028 et
738 3975 938 4030 infesta
960 3994 1135 4031 manu
1157 3977 1375 4044 addita,
1407 3978 1505 4034 de-

443 4039 620 4123 lepda
640 4059 783 4097 esse.
828 4045 962 4111 Ejus
979 4045 1227 4118 vestigiis
1242 4047 1507 4104 insistens

445 4111 627 4167 Dion.
647 4111 892 4169 Vossius
919 4111 994 4169 ad
1010 4113 1177 4170 Caes.
1205 4134 1255 4170 ι.
1274 4117 1350 4174 Β.
1371 4118 1503 4175 Civ.

1635 824 1879 891 Rebus
1939 826 2140 891 novis
2208 824 2606 908 reipublicae

1577 1019 1631 1074 6.
1669 1018 1965 1092 opinatur,
2000 1014 2203 1072 eadem
2230 1009 2417 1072 verb'a
2441 1016 2512 1070 ab
2534 1014 2608 1068 in-

1579 1099 1720 1171 epto
1750 1087 1986 1141 homine
2015 1085 2233 1140 inserta
2262 1104 2406 1141 esse.
2440 1083 2503 1138 Id
2524 1084 2608 1137 fie-

1578 1175 1632 1210 ri
1661 1157 1925 1230 potuisse
1957 1173 2075 1208 non
2105 1173 2297 1229 neg03
2338 1166 2398 1209 at
2415 1153 2610 1208 factum

1579 1244 1705 1281 esse
1723 1227 1969 1280 statuere
1986 1242 2105 1277 non
2123 1226 2336 1295 audeo,
2360 1234 2478 1277 tum
2493 1238 2612 1293 pro·

1577 1305 1714 1368 pter
1730 1292 1905 1348 codd.
1917 1293 2100 1347 verba
2115 1292 2258 1348 haee
2275 1292 2612 1347 servantium

1579 1381 1946 1430 consensum,
1984 1371 2106 1415 tum
2137 1362 2307 1436 quod·
2327 1360 2525 1418 similis
2540 1358 2611 1413 se·

1577 1449 1644 1488 re
1692 1430 1972 1506 periodus
2021 1430 2291 1485 obcurrit
2339 1429 2495 1503 Epit.
2534 1427 2616 1496 67.'

1580 1502 1836 1559 Marius
1864 1497 2240 1571 triumphali
2267 1510 2430 1557 veste
2455 1500 2518 1555 in
2536 1517 2618 1572 seq
2687 1506 2689 1512 ’

1577 1580 1799 1629 natum
1833 1570 2031 1635 venit,
2087 1568 2252 1641 quod
2279 1575 2459 1625 nem'o
2486 1573 2617 1623 ante

1579 1659 1722 1695 eum
1736 1638 2007 1711 fecerat.
2062 1636 2179 1692 Alii
2230 1638 2413 1711 igitur
2448 1635 2621 1692 verba

1578 1709 1723 1761 haec
1771 1707 1850 1760 ita
1894 1705 2232 1780 refingenda
2283 1705 2613 1760 existimant:

1576 1776 1788 1841 Sulla,
1805 1775 2080 1838 dictator
2093 1784 2457 1849 perpetuus,
2470 1768 2621 1848 quod

1576 1864 1757 1902 nemo
1788 1863 2085 1916 umquam
2090 1843 2339 1916 suerat,
2379 1839 2617 1913 cumfa-

1576 1913 1786 1971 scibus
1818 1924 1928 1970 etc.
1989 1911 2195 1967 Utrum
2228 1923 2426 1967 tamen
2448 1910 2617 1965 dicta·

1576 1994 1676 2038 tor
1748 1993 2024 2055 erpetuus
2057 1980 2245 2035 dictus
2275 1981 2491 2047 fuerit,
2530 1976 2615 2032 ad-

1577 2069 1672 2105 mo
1720 2070 1816 2104 um
1839 2050 2064 2105 dubito.
2104 2050 2355 2122 Appian.
2399 2047 2617 2123 quidem

1576 2132 1786 2175 auctor
1835 2122 1942 2185 est,
2010 2118 2231 2174 Sullam
2282 2118 2619 2173 dictatorem

1576 2190 1793 2244 factum
1827 2206 1953 2243 esse
1989 2188 2042 2242 ἐς
2073 2185 2222 2241 ὅσον
2243 2188 2536 2252 θέλουσι,
2567 2193 2623 2239 et

1577 2258 1628 2315 ἐς
1665 2259 1947 2328 ἀόριςον,
1980 2255 2083 2312 sed
2101 2256 2281 2324 addit,
2320 2273 2456 2310 eum
2475 2271 2621 2308 crea·

1576 2340 1701 2400 tum
1748 2344 1872 2383 esse
1919 2329 2012 2382 ἐπὶ
2053 2325 2224 2380 θέσει
2262 2326 2499 2393 νόμων,
2547 2312 2621 2376 ὧν

1578 2396 1756 2455 duros
1775 2395 1869 2464 ἐφ’
1888 2398 2106 2452 ἑαυτοῦ
2125 2394 2494 2459 δοκιμάσειε,
2528 2391 2623 2450 καὶ

1578 2484 1732 2523 κατα
1743 2471 1815 2521 sd
1825 2475 1914 2520 σει
1928 2471 2031 2529 τῆς
2050 2480 2125 2518 πο
2134 2467 2381 2520 atteias.
2415 2466 2487 2518 Et
2500 2460 2623 2514 hinc

1578 2536 1926 2609 simpliciter
1955 2534 2351 2599 dictatorem,
2391 2549 2510 2586 non
2541 2525 2622 2584 di-

1579 2614 1883 2663 ctatorem
1921 2612 2322 2675 perpetuum,
2374 2605 2625 2655 creatum

1577 2683 1906 2729 memorant
1934 2672 2088 2727 Veli.
2121 2673 2245 2727 Pat.
2272 2689 2327 2737 2,
2357 2671 2446 2726 28.
2483 2668 2620 2722 Plut.

1579 2744 1640 2797 in
1656 2743 1802 2798 Sull.
1822 2745 1944 2810 473.
1968 2751 2026 2796 et
2044 2744 2217 2797 Oros.
2236 2743 2292 2808 5,
2310 2758 2393 2794 αι.
2415 2742 2626 2794 Verum

1580 2810 1783 2866 demus
1804 2810 2111 2883 tantisper,
2144 2809 2365 2865 Sullam
2391 2806 2625 2861 dictato-

1578 2899 1705 2935 rem
1722 2890 2076 2954 perpetuum
2090 2877 2307 2931 dictum
2320 2878 2433 2930 ess'e
2446 2895 2466 2943 3
2485 2887 2625 2946 quae

1578 2959 1702 3003 tum
1734 2948 2022 3020 emphasis
2052 2948 2167 3001 erit
2192 2947 2252 3000 in
2272 2943 2472 2999 verbis
2492 2959 2625 3015 pro-

1578 3019 1747 3073 ximis
1775 3038 1918 3074 cum
1932 3016 2225 3088 fascibus
2241 3015 2475 3095 vigi-nti
2487 3027 2625 3084 qua·

1580 3095 1725 3145 tuor
1739 3087 2040 3161 processit
2054 3088 2081 3143 ’ἔ
2108 3081 2296 3157 (quod
2310 3091 2488 3137 etiam
2504 3094 2625 3134 sen·

1577 3155 1797 3210 tentiae
1813 3152 2144 3226 eorum,qui
2159 3151 2341 3208 verba
2357 3147 2521 3221 quod
2531 3163 2628 3203 ne-

1579 3244 1680 3283 mo
1701 3242 1997 3298 umquam
2008 3222 2262 3295 fecerat
2284 3219 2505 3301 deleat,
2530 3231 2625 3284 op·

1623 3294 1722 3348 oni
1739 3294 1949 3367 potest)
1965 3291 2054 3345 An
2072 3308 2191 3344 non
2208 3288 2363 3343 idem
2378 3299 2552 3342 etiam
2567 3299 2624 3361 q·

1574 3310 1641 3417 {ii
1661 3359 1980 3417 dictatores
1993 3361 2287 3424 fecerunt,
2315 3368 2375 3412 et
2390 3356 2527 3409 hinc
2545 3347 2627 3404 dn·

1578 3441 1862 3486 ctatorem
1905 3438 2257 3512 perpetuum
2300 3424 2361 3480 id
2400 3425 2623 3500 facere,

1576 3499 1949 3554 tantominus
1965 3511 2175 3551 mirum
2195 3493 2383 3549 videri
2400 3485 2625 3547 debuit?

1576 3555 1847 3623 Freinsii.
1889 3567 1950 3621 in
1986 3564 2289 3654 Supplem.
2318 3562 2491 3642 hujus
2522 3557 2624 3611 lib.

1580 3654 1712 3708 cap.
1728 3655 1783 3704 q.
1814 3635 2002 3691 verba
2023 3636 2323 3706 Epitomes
2350 3632 2430 3684 ita
2453 3636 2630 3681 mter-

1623 3715 1841 3760 retatus
1860 3706 1954 3772 est,
1979 3704 2092 3770 vel,
2109 3711 2175 3756 ut
2191 3709 2390 3755 censet
2405 3696 2630 3752 Inlustr.

1577 3722 1804 3845 gpanh.
1870 3770 1943 3828 de
1993 3771 2208 3828 Praest.
2267 3779 2325 3823 et
2368 3768 2488 3848 Usg.
2514 3764 2632 3822 Nu·

1577 3844 1767 3896 mism.
1808 3842 1963 3897 Diss.
2005 3859 2087 3896 ιο.
2117 3855 2198 3924 pa
2242 3879 2256 3893 .
2299 3856 2415 3904 17²·
2451 3837 2628 3887 mter·

1575 3911 1835 3985 polavit:
1888 3908 2209 3978 „Formida
2258 3899 2530 3988 ilis·in·de
2569 3903 2633 3949 et

1575 3999 1774 4049 „nova
1807 3980 2034 4052 species
2060 3977 2408 4050 prodeuntis
2440 3989 2499 4049 m·
2522 3981 2630 4038 pu·

1570 4048 1837 4118 „blicum
1867 4048 2008 4117 fuit,
2048 4063 2258 4119 quum,
2295 4053 2361 4097 ut
2391 4035 2627 4118 solgtqm

1572 4114 2028 4189 „dictatoribus‚
2067 4124 2323 4197 quatuor
2354 4117 2412 4163 ct
2439 4120 2629 4178 vigm-

1696 4287 1725 4294 *m
