2717 4667
525 187 613 251 m
652 184 954 252 Locum
994 186 1156 249 Lm.
1192 185 1862 253 Lxxxvu1.1.1v11.
2067 184 2188 267 237
2240 179 2247 186 “

329 395 606 459 XXVIII.
650 399 880 477 Neque
919 394 1292 455 securiores
1328 408 1512 455 erant
1535 435 1553 467 ,
1599 411 1874 475 quorum
1907 395 2185 456 nomini·
2245 396 2316 452 U.
2337 414 2387 450 c.
2410 393 2528 467 670.

227 476 330 538 bus
366 477 643 540 crudelis
681 474 858 537 stilus
894 496 977 558 pe
1028 491 1304 538 ereerat.
1388 483 1524 537 Nec
1575 476 1746 536 enim
1798 476 1991 536 modo
2029 497 2185 560 pro·
2244 469 2512 552 A·‚C·8¹‚·

230 559 481 641 scriptos
520 558 833 641 jugulari,
901 499 1021 619 seg
1056 558 1247 620 etiam
1283 557 1607 640 jugulatos
1641 558 1974 641 proscribi
2015 559 2184 619 obti-
2242 539 2562 619 andfmgu-

229 653 449 702 nuerat.
531 644 611 700 I..
647 640 942 712 Catilina,
985 628 1277 726 magn'am
1313 637 1524 724 postea
1561 639 1791 699 famam
1827 637 2190 702 sceleribus
2214 611 2579 745 Ξῖζχῗζΐ’

231 737 455 795 nactus,
505 743 700 805 quum
727 723 998 797 fratrem
1026 721 1313 782 nondum
1333 722 1780 803 'proscriptum
1815 723 2189 797 sustuliss'et,
2216 745 2435 815 scripti.

233 806 408 865 oravit
444 805 720 875 Sullam,
768 817 838 863 ut
875 818 1195 886 tamquam
1238 802 1601 885 superstitis
1637 823 1871 865 nomen
1907 804 1976 865 in
2009 805 2192 866 tab‘u-

221 887 328 947 ‘lam
350 885 753 960 referretur,
799 900 868 946 et
902 886 1299 969 impetravit.

328 993 555 1054 XXIX.
616 994 836 1073 Ergo,
883 1004 953 1052 ut
995 1009 1118 1075 pro
1159 1004 1287 1051 tam
1353 990 1608 1062 ,ulchro
1649 991 1888 1074 merito
1934 978 2192 1076 dignam
2255 1003 2338 1060 M.
2372 999 2539 1055 Marii

224 1073 486 1135 referret
531 1073 839 1156 gratiam,
886 1069 1314 1134 excarnifican
1366 1094 1404 1133 o
1444 1077 1533 1135 Μ.
1570 1076 1779 1138 Mario
1816 1076 2190 1159 praetorio,
2217 1072 2524 1130 crudelissi-

223 1156 405 1218 fratre
458 1153 781 1227 consulis,
849 1173 1115 1236 operam
1168 1155 1506 1249 praebuit:
1569 1156 1752 1237 cujus
1802 1157 2196 1219 cruciatibus
2220 1137 2580 1227 ngumsuppu·
2638 1150 2643 1160 '

222 1238 367 1298 nihil
402 1236 568 1299 vidit
602 1236 712 1296 illa
742 1248 916 1297 aetas
955 1236 1308 1298 crudelius.
1400 1238 1588 1300 Hunc
1619 1239 1826 1311 enim,
1875 1239 1954 1300 de
1982 1241 2196 1323 capri·
2219 1228 2386 1268 ‘'m‘'

221 1319 264 1379 li
293 1320 420 1380 casa
445 1331 850 1390 extractum,
897 1318 1083 1401 prius
1120 1317 1335 1378 occidi
1368 1318 1542 1379 Sulla
1575 1322 1814 1392 vetuit,
1862 1342 2049 1405 quam
2087 1342 2197 1383 ex-

223 1400 633 1485 quisitiss'imis
672 1399 1016 1462 tormentis
1057 1398 1134 1459 ad
1167 1398 1574 1462 Lutatiorum
1615 1403 2021 1487 sepulcrum,
2084 1404 2196 1465 ubi

222 1482 507 1544 conditus
544 1481 628 1563 Q.
666 1482 928 1544 Catulus
975 1494 1163 1564 pater
1203 1496 1378 1553 erat,
1436 1483 1870 1546 laceraretur:
1933 1485 2082 1569 quia
2117 1488 2194 1546 L.

221 1566 432 1627 Caesar
462 1562 545 1625 ad
583 1565 762 1627 Varii
792 1561 1037 1624 bustum
1074 1563 1324 1626 occisus
1361 1583 1396 1623 a
1429 1566 2010 1627 Marianis‘fuerat.
2069 1570 2195 1628 Ra-

220 1660 351 1730 ptus
389 1665 553 1729 ergo
588 1665 715 1729 per
753 1666 867 1707 ora
902 1646 1082 1729 vulgi
1111 1649 1357 1714 Marius
1390 1657 1572 1708 trans
1604 1647 1922 1721 Tiberim,
1971 1651 2035 1711 et
2062 1650 2198 1711 vir-

222 1729 309 1812 gis
340 1729 515 1791 inter
553 1728 835 1790 eundum
867 1728 1109 1801 caesus,
1158 1729 1366 1791 oculis
1397 1730 1627 1800 erutis,
1667 1730 2020 1812 perfractis
2049 1749 2198 1792 cru-

223 1810 421 1883 ribus,
489 1810 833 1894 amputatis
872 1808 1206 1883 manibus,
1270 1825 1531 1872 exsecta
1572 1812 1827 1893 lingua,
1888 1813 2197 1874 membris

226 1894 505 1955 omnibus
568 1893 902 1965 contusiS‚
972 1891 1307 1954 infelicem
1371 1892 1673 1975 spiritum
1730 1914 1855 1978 per
1914 1914 2201 1955 summos

229 1977 529 2036 eruciatus
582 1973 892 2038 reddidit.
977 1973 1083 2034 Ad
1118 1972 1243 2035 hoc
1283 1989 1410 2036 tam
1447 1973 1720 2038 immane
1763 1978 2205 2060 spectaculum

225 2076 397 2138 quum
448 2056 630 2119 forte
689 2053 934 2117 adstans
984 2059 1071 2116 Μ.
1118 2057 1488 2119 Plaetorius
1549 2072 1810 2120 senator
1863 2057 2202 2143 linquente

220 2137 411 2200 animo
464 2138 889 2215 concidiss'et3
951 2137 1131 2199 illico
1169 2153 1478 2202 mactatus
1521 2137 1630 2202 est.
1715 2140 1963 2201 Ibidem
2009 2143 2204 2204 etiam

218 2219 562 2302 Venuleius
598 2220 903 2282 triumvir
936 2220 1158 2303 periit.
1258 2222 1464 2304 Caput
1501 2244 1612 2285 sua
1646 2244 1836 2285 manu
1868 2222 2205 2285 desectum
2288 2269 2293 2278 2

219 2301 478 2364 Catilina
537 2324 659 2388 per
710 2302 940 2364 urbem
998 2301 1227 2362 eadem
1284 2324 1477 2365 manu
1529 2305 1757 2365 retulit
1807 2304 1888 2364 ad
1936 2306 2201 2366 Sullam.

211 2384 359 2446 Erat
414 2385 594 2447 enim
648 2384 1036 2467 spectaculis
1085 2383 1405 2463 ejusmodi
1451 2385 1614 2446 nihil
1652 2385 1869 2448 Sullae
1908 2388 2203 2448 suaviust

216 2480 274 2527 et
311 2468 640 2542 omnium,
701 2466 814 2549 qui
858 2465 1099 2550 ubique
1145 2479 1330 2527 erant
1369 2467 1612 2541 occisi,
1658 2468 1867 2551 capita
1896 2468 1986 2530 ad
2019 2469 2206 2529 illum

211 2548 403 2609 relata
461 2571 588 2634 pro
631 2546 880 2610 Rostris
934 2549 1509 2631 proponebantur3
1580 2549 1935 2632 eademque
1988 2549 2202 2611 omnia

210 2632 499 2713 pericula
541 2630 847 2694 creabant
881 2629 1319 2705 intuentibus,
1380 2650 1544 2717 quae
1579 2632 1660 2694 de
1699 2630 2199 2717 proscriptionis

210 2712 412 2775 tabula
455 2726 811 2775 memorata
851 2726 1019 2775 sunt.
2232 2705 2241 2726 ¹

321 2820 535 2881 XXX.
569 2841 572 2844 ¹
599 2819 734 2881 Sed
767 2819 1104 2882 Catilinam
1125 2864 1143 2895 ,
1186 2835 1329 2884 tam.
1350 2840 1626 2904 gnavum
1660 2841 1815 2883 suae
1848 2819 2196 2884 crudelita-
2258 2815 2333 2898 ‚Es
2347 2813 2466 2868 ⁶¹3⁶
2481 2814 2572 2866 θα·

209 2900 286 2963 tis
333 2918 402 2965 et
448 2901 834 2964 industrium
887 2904 1268 2977 satellitem,
1328 2905 1569 2975 Gallis,
1626 2924 1903 2999 quorum
1945 2904 2197 2986 potissi-
2222 2886 2569 3019 ‘iisss‘gm

208 3004 370 3044 mum
434 2983 796 3047 ministerio
858 2984 925 3044 in
984 2986 1365 3048 occidendis
1428 2986 1800 3048 hominibus
1853 2989 2154 3047 utebatur
2176 3026 2195 3059 ,
2220 2970 2250 3007 ⁶
2402 2972 2428 3006 ⁶
2495 2987 2513 3005 ’

206 3066 547 3149 praefecit.
599 3089 637 3127 a
671 3066 910 3149 quibus
950 3072 1039 3128 Μ.
1066 3070 1484 3141 Volumnius,
1529 3071 1600 3132 1..
1633 3067 2008 3140 Tanusius,
2055 3068 2200 3128 alii-

249 3170 326 3222 ue
363 3145 651 3210 illustres
686 3149 940 3232 equites
962 3152 1234 3212 Romani
1268 3165 1416 3211 sunt
1448 3149 1785 3211 trucidati:
1830 3151 2005 3211 inter
2031 3169 2199 3233 quos

210 3169 284 3324 ὃ.
321 3231 718 3306 Caecilium‚
782 3232 1034 3292 sororis
1091 3249 1246 3293 suae
1297 3233 1538 3305 virum,
1602 3233 1715 3318 qui
1752 3245 1958 3293 aetate
2001 3243 2067 3292 et
2097 3232 2199 3291 in-

209 3314 396 3394 genio
441 3313 714 3397 quietus
740 3325 1113 3375 neutrarum
1143 3315 1424 3397 partium
1459 3314 1707 3389 fuerat,
1730 3310 1733 3315 ’
1753 3309 2028 3376 Catilina
2060 3313 2223 3398 suist

208 3398 501 3462 manibus
553 3394 815 3457 occidit.
879 3428 890 3431 ·

322 3503 566 3563 XXXI.
628 3500 896 3562 Interim
944 3505 1034 3563 M.
1075 3502 1268 3564 Marii
1318 3524 1391 3566 ea
1440 3517 1511 3567 ut
1552 3499 1900 3565 Praeneste
1947 3498 2196 3562 missum
2236 3517 2573 3588 flammea..

211 3583 424 3663 Cajum
491 3582 819 3645 consulem
884 3583 966 3645 ad
1024 3585 1311 3647 ultimam
1423 3586 1898 3671 esperationem
1957 3581 2358 3666 adegit-’dim
2375 3589 2567 3646 &Ma-

272 3741 417 3812 Cap.
452 3740 720 3797 XXVIII.
757 3744 928 3798 Oros.
971 3743 1120 3797 Plut.
1160 3740 1308 3797 Sull.
1383 3742 1528 3813 Cap.
1559 3741 1940 3796 xxlx..Sen.
1978 3736 2050 3795 de
2082 3740 2198 3806 Ira,

207 3806 259 3876 3,
294 3810 372 3862 18.
427 3808 599 3862 Flor.
652 3813 825 3865 OroS.
880 3813 1011 3867 Val.
1047 3813 1201 3868 Max.
1254 3814 1324 3889 Q.
1358 3810 1480 3867 Cic.
1518 3810 1590 3867 de
1614 3812 1789 3864 Petit.
1839 3810 2018 3863 Cous.
2054 3828 2105 3862 c.
2139 3810 2198 3864 3.

207 3876 324 3931 Liv.
348 3875 518 3949 Epit.
554 3879 695 3934 Sall.
730 3880 886 3951 apud
916 3882 1029 3935 Jul.
1061 3882 1253 3936 Rufin.
1288 3890 1345 3934 et
1377 3881 1590 3935 Incert.
1629 3899 1711 3947 aa.
1753 3880 1966 3933 Lucan.
1999 3899 2053 3946 2,
2080 3877 2198 3942 173.

203 3945 444 4001 Pedian.
485 3944 544 4000 in
578 3951 726 4022 Tog.
763 3948 1009 4004 Candid.
1053 3950 1184 4008 Val.
1220 3950 1378 4004 Max.
1416 3949 1592 4003 Oros·
1641 3949 1791 4002 Plut.
1838 3945 1974 4001 Dio.
2050 3947 2202 4015 Cap.

207 4014 368 4071 XXX.
492 4054 508 4072 .
549 4018 673 4073 Cic.
723 4016 795 4071 de
833 4018 1008 4075 Petit.
1062 4017 1303 4076 Consul.
1352 4031 1404 4074 c.
1447 4035 1500 4073 a.
1552 4015 1791 4074 Pedian.
1851 4018 1925 4087 Q.
1965 4014 2200 4073 Cicero.

207 4085 343 4160 Cap.
375 4086 429 4142 X
492 4087 585 4147 xl.
626 4086 803 4145 Or03.
