2717 4667
531 245 539 258 s
608 187 695 247 50
751 184 1319 249 FREINSHEMR
1346 157 2554 252 SUPPLEMENTonUat-L1n.x1,11.

608 305 2030 356 -.----,-.---..-.ι-.-..Τ.-.-.--..-.-..

362 411 412 449 c.
448 395 573 464 664.
609 393 902 456 carnium
944 395 1181 456 molem
1228 413 1470 476 corpus
1523 395 1700 476 (nam
1738 397 1807 456 in
1849 411 2113 460 senecta
2175 397 2415 459 obesus
2449 416 2602 459 eva-

361 464 429 519 C·
467 466 560 521 83·
609 477 821 555 serat)
856 490 921 539 et
961 477 1163 538 fracta
1199 476 1533 541 laboribus
1564 480 1856 540 membra
1883 479 2211 564 fatigaret.
2301 479 2430 541 Sed
2468 501 2603 541 ma-

544 559 547 562 ’
606 559 709 641 gis
764 559 1061 621 ridicula
1101 562 1240 620 erat
1263 600 1281 632 ,
1333 579 1549 642 *quam
1603 561 2068 645 cupiditatibus
2109 563 2247 627 suis
2285 561 2604 624 obtende-

605 642 750 717 bat,
819 644 1054 704 caull'a:
1112 660 1348 726 quum,
1409 648 1529 704 iaco
1553 642 1616 725 fi»
1650 666 1811 703 conca
1847 644 1997 727 iviffe
2034 650 2358 727 imperium,
2415 643 2607 707 dice·

607 737 711 787 ret
731 766 748 799 ,
795 746 859 785 ut
878 723 1060 803 silium
1093 723 1478 783 adolescentem
1522 745 1670 786 artes
1709 725 1794 787 bel
1817 729 1839 784 i
1871 725 1982 810 ipse
2004 733 2255 811 praej'ens
2286 725 2555 787 =edoceret.
2605 789 2624 794 ἣ

251 393 320 448 U.

253 464 322 517 A.

341 862 547 933 Marius
729 857 930 919 xvu.
976 858 1155 916 Inter
1189 852 1386 926 baec,
1433 877 1631 939 quum
1676 856 1972 931 occisos,
2019 873 2186 942 quos
2228 855 2608 919 ad‘exerci-

245 945 431 986 ⁶⁰⁸¹?ss
452 931 577 986 5¹⁶¹·
606 951 736 1000 tum
769 939 1070 1010 miserat,
1114 935 1416 998 tribunos
1440 979 1456 1008 ,
1507 940 1878 1024 Sullamque
1915 961 2059 1003 cum
2090 961 2206 1001 sex
2230 939 2611 1023 legionibus

233 1006 347 1084 lu.
381 1002 576 1055 ‘'md'‘
605 1020 831 1083 venire
877 1022 955 1080 acl
991 1018 1221 1080 urbem
1260 1021 1716 1103 comperiss'et,
1787 1024 1933 1106 ipse
1978 1023 2251 1086 viciffim
2335 1021 2612 1083 uosdam

232 1088 453 1139 ‘'mm‘'
605 1104 956 1164 amicorum
1004 1101 1221 1163 Sullae
1258 1101 1543 1175 occidit,
1589 1103 1758 1164 bona
1806 1125 1889 1165 ue
1925 1125 2262 1166 caesorum
2346 1103 2607 1186 iripuit.

602 1187 827 1268 Itaque
867 1182 1264 1246 miserabilis
1297 1185 1574 1245 Romani
1606 1206 1783 1269 popu
1811 1186 1834 1247 i
1871 1186 2163 1247 conditio
2196 1199 2373 1258 erat,
2415 1184 2612 1267 cujus

606 1268 985 1351 principes,
1052 1287 1369 1348 nusquam
1426 1281 1605 1328 certa
1643 1290 1761 1351 spe
1806 1269 2068 1341 salutis,
2132 1282 2241 1330 aut
2278 1268 2405 1328 ulla
2446 1286 2612 1328 con-

606 1349 871 1411 cordiae
919 1347 1047 1410 fide
1072 1390 1088 1421 ,
1135 1347 1249 1409 alii
1289 1368 1372 1409 ex
1406 1349 1569 1410 urbe
1615 1351 1681 1410 in
1723 1349 1955 1425 castra,
2007 1351 2118 1411 alii
2158 1369 2240 1412 ex
2272 1347 2492 1412 castris
2529 1349 2615 1409 in
2703 1379 2704 1382 ¹

604 1430 837 1494 urbem
877 1429 1364 1526 confugiebant.
1448 1437 1643 1503 Nam,
1718 1447 1991 1516 excepto
2047 1431 2380 1516 quaestore
2427 1450 2562 1491 uno
2590 1474 2610 1503 ,

605 1514 816 1575 ceteri
862 1515 1113 1576 tribuni
1162 1513 1615 1598 praefectique
1642 1553 1659 1588 ‚
1732 1515 1915 1599 signa
1961 1515 2211 1600 patriae
2257 1512 2615 1575 inferenda

605 1595 995 1669 abominati,
1083 1599 1357 1655 Romam
1423 1617 1495 1656 se
1557 1589 1968 1691 receperant.
2055 1598 2293 1659 Contra
2343 1595 2422 1657 ab
2475 1596 2612 1668 iis,

605 1678 719 1760 qui
778 1679 915 1739 vim
974 1677 1170 1739 Marii
1233 1678 1642 1761 Sulpiciique
1710 1679 2123 1740 insolentiam
2191 1676 2571 1740 metuebant
2596 1718 2618 1750 ,

604 1758 676 1819 in
715 1758 910 1823 castra
954 1759 1211 1832 Sullae,
1260 1772 1580 1844 tamquam
1620 1758 1701 1821 ad
1742 1763 2020 1843 asylum,
2067 1758 2619 1822 concurrebatur.

257 1897 484 1951 Senatus
503 1890 577 1941 lt·
729 1891 957 1956 xVul.
1002 1893 1083 1952 In
1118 1888 1281 1951 urbe
1329 1905 1592 1952 senatus
1650 1911 1802 1953 suae
1857 1888 2188 1976 potestatis
2236 1910 2377 1953 non*
2424 1903 2618 1965 erat,

208 1968 353 2031 μήθ
373 1960 578 2015 ‘¹³5⁶‘
604 1974 724 2036 sed
775 1974 856 2036 ad
913 1987 1139 2034 nutum
1191 1986 1609 2053 tyrannorum
1652 1974 1936 2036 circuma
1985 1974 2235 2036 ebatur.
2319 1972 2656 2034 Hisvo„

207 2037 348 2091 lam·
600 2057 891 2119 lentibus
913 2098 931 2129 ,
975 2075 1056 2116 ex
1088 2052 1559 2137 magistratibus
1590 2056 1729 2135 ejus
1765 2058 1917 2117 anni
1988 2077 2106 2118 uos
2145 2054 2225 2115 ad
2254 2055 2330 2115 L.
2364 2053 2625 2116 Sullam

605 2140 820 2213 misit,
866 2142 1138 2200 Brutum
1181 2150 1246 2198 et
1289 2136 1646 2198 Servilium
1698 2153 2062 2221 praetores.
2149 2138 2237 2211 li,
2292 2155 2486 2219 quum
2528 2137 2625 2199 ad

611 2221 974 2283 exercitum
1013 2220 1373 2291 veniss'ent,
1418 2220 1635 2303 paullo
1667 2220 2023 2282 animosius
2055 2218 2343 2303 loquuti,
2388 2213 2458 2278 in
2498 2239 2629 2280 cx·-
2703 2289 2704 2292 Ἴ

610 2317 890 2366 tremum
943 2302 1298 2364 discrimen
1353 2300 1767 2364 inciderunt:
1827 2316 1935 2378 ut,
2000 2300 2378 2366 confractis>
2410 2300 2628 2363 fasci-

612 2385 768 2459 bus,
815 2384 1302 2469 praetextisque
1351 2384 1645 2467 dereptis
1670 2428 1687 2458 ,
1745 2384 1855 2445 vix
1888 2399 1955 2447 et
1992 2404 2186 2468 aegre
2227 2401 2470 2466 corpus
2511 2382 2646 2443 in-·

615 2471 870 2531 col'ume
906 2468 1241 2529 referrent
1275 2468 1338 2526 in
1374 2466 1603 2528 urbem
1627 2509 1645 2540 ,
1706 2467 1853 2550 ipso
1894 2469 2237 2551 adspectu,
2299 2485 2636 2549 quorsum

613 2550 739 2634 jam
797 2550 1144 2612 seditionis
1199 2546 1391 2610 furor
1452 2550 1812 2622 evasisset,
1898 2548 2237 2612 ostensuri.
2322 2548 2629 2623 Marius,

617 2643 923 2718 quantum
968 2621 1042 2692 'in
1076 2632 1199 2693 ‘tali
1244 2631 1683 2715 trepidatione
1721 2630 1961 2716 potest,
2029 2631 2109 2692 ad
2154 2628 2637 2692 defensionem

562 2791 569 2796 η
617 2737 690 2779 se
727 2735 872 2777 com
922 2729 1080 2788 arat.
1169 2715 1344 2776 Sulla
1366 2743 1392 2783 ‚·
1431 2714 1695 2797 triginta
1722 2714 2053 2798 peditum,
2101 2712 2391 2797 quinque
2427 2713 2639 2795 equ-i-

613 2813 751 2862 tum
800 2738 1029 2859 milllia·
1066 2794 1433 2870 adducens,
1529 2796 1609 2856 ad
1670 2797 1898 2862 urbem
1959 2794 2246 2858 intendit
2313 2813 2639 2856 cursum:

598 2895 876 2964 ,praeter
907 2881 1052 2953 alia,
1096 2877 1334 2964 quibus
1375 2878 1784 2956 incitabatur,
1831 2900 1957 2966 per
1995 2878 2315 2940 somnium
2354 2895 2644 2961 quoque

610 2961 1080 3026 stimulantibus
1134 2960 1377 3045 geniis.
1551 3016 1559 3024 .
1941 3015 1945 3022 .

271 3079 458 3149 Sullae
498 3093 582 3131 so·
732 3072 903 3133 XIX.
948 3076 1143 3143 Nam,
1191 3089 1355 3153 quae
1399 3066 1848 3152 Cappadocum
1895 3064 2184 3130 instituto
2221 3067 2470 3138 Romae
2511 3082 2648 3127 co-

232 3152 458 3208 ”W'uffl
611 3154 867 3216 lebatur
900 3154 1077 3232 Dea,
1128 3154 1439 3233 (Lunam,
1488 3171 1567 3211 an
1606 3150 1967 3213 Minervam
1995 3192 2013 3223 ,
2060 3170 2136 3209 an
2183 3167 2344 3211 vero
2391 3146 2646 3209 Bello-

610 3257 758 3299 nam
807 3235 947 3297 inte
1033 3239 1478 3307 retarentur,'
1515 3232 1647 3316 ipsi
1701 3254 1961 3317 quoque
2012 3230 2417 3309 dubitabant)
2478 3250 2650 3290 eam

613 3316 907 3380 adfistere
942 3258 1056 3378 1¹3in
1094 3335 1216 3401 per
1254 3316 1542 3400 quietem
1577 3314 1741 3376 vidit
1773 3315 1949 3377 Sulla
1972 3362 1991 3391 ‚
2049 3314 2294 3374 fulmen
2348 3331 2426 3374 ue
2462 3331 2650 3396 por-

483 3423 507 3475 χ
612 3402 873 3484 rigere,
936 3399 1361 3481 recitatisque
1417 3397 1833 3459 inimicorum
1872 3395 2014 3480 ejus
2062 3395 2310 3457 nomini
2357 3415 2477 3466 us,
2550 3393 2654 3455 ad

613 3482 856 3567 fingula
889 3481 1328 3566 praecepiss'e‚
1388 3479 1665 3557 feriret3
1708 3493 1901 3562 atque
1948 3479 2135 3552 illos,
2178 3490 2508 3561 tamquam
2549 3475 2652 3538 ad

613 3564 814 3628 ictum
878 3564 1337 3635 concidentes,
1422 3581 1842 3624 evanescere.
1928 3559 2002 3623 Id
2050 3560 2264 3624 visum
2324 3557 2653 3641 collegae

616 3649 943 3724 narravit3
1000 3647 1110 3730 qui
1136 3689 1152 3717 ,
1226 3665 1371 3706 cum
1424 3644 1617 3706 laude
1669 3658 1736 3706 et
1788 3641 2331 3728 gratulationibus
2387 3659 2657 3702 occur-

620 3751 815 3802 rens,
900 3728 981 3791 ad
1043 3727 1257 3789 omnia
1306 3747 1575 3811 operam
1625 3747 1805 3789 suam
1862 3726 2275 3811 promiserat.
2358 3721 2660 3787 Interea

691 3934 837 4004 cap.
857 3932 1045 3988 xvn.
1079 3897 1335 4006 Apptan'.
1369 3934 1525 3989 Plut.
1558 3933 1706 3989 Suu.
1727 3932 1984 4007 Appiam.
2005 3919 2158 3988 mut.
2235 3931 2382 4016 cap.
2399 3931 2657 3989 xvm.

622 4002 968 4145 Ξιιξιὲἱᾶἕατ.
1006 4022 1059 4058 c.
1081 4005 1170 4060 58.
1206 4002 1360 4060 Plut.
1398 4002 1545 4062 Suu.
1579 4020 1634 4060 c.
1672 4020 1753 4072 ιτ.
1829 4004 1977 4075 Gap.
2004 4002 2156 4059 xlx.
2182 4001 2439 4076 Appian.
2464 3998 2664 4060 Plut.

1000 4165 1017 4212 l
