2717 4667
488 238 577 300 m
613 234 914 300 Locum
952 235 1113 298 Lm.
1156 191 1504 300 Lx'kx'vi.
1544 223 1799 306 mvn(
2016 240 2136 303 213

163 442 433 508 numine.
480 462 666 504 more
704 444 1018 515 Persico,
1063 443 1236 526 ligna
1280 441 1417 502 suis
1458 441 1752 521 manibus
1791 441 1976 502 allata
2014 442 2126 504 de.
2187 445 2259 500 U.
2275 461 2327 497 c.
2345 444 2469 510 ⁶7⁰·

161 524 351 605 ponit.
397 537 534 584 tum
565 525 859 586 certatim
891 524 967 585 ab
997 524 1142 584 aliis
1177 521 1447 604 adgesta,
1491 521 1815 606 postquam
1845 522 1912 581 in
1939 543 2125 606 quam
2185 513 2253 597 A:
2277 513 2471 593 G·82·‚

162 605 485 665 maximum
525 604 837 688 fastigium
875 617 1334 673 excreverunt,
1383 603 1505 664 alia
1539 605 1780 665 circum
1819 602 2121 666 humilio·
2168 578 2533 704 ξ’ἕζῖἧῖἓῖᾷζ

166 685 223 745 ri
259 684 420 747 strue
460 684 818 748 firmantur.
900 691 990 766 In¹
1017 706 1262 748 summo
1304 704 1471 767 rogo
1514 704 1657 747 cum
1697 685 1895 746 melle
1938 700 2002 747 et
2043 688 2127 747 la·
2153 668 2321 773 {5335-

167 780 258 827 ote
288 768 510 828 vinum
549 769 891 851 oleumque
932 783 998 832 et
1035 767 1296 851 generis
1335 767 1548 827 omnis
1586 765 1825 830 odores
1864 766 2132 848 largiter

163 847 604 911 adfunduntur.
651 849 853 911 altera
892 871 1081 933 pyra,
1147 868 1334 932 quam
1378 846 1790 909 humiliorem
1834 844 1985 910 strui
2034 849 2131 911 di-

159 930 674 1004 ximus„coenam
755 930 1151 1000 raesentibus
1184 942 1467 1013 paratam
1491 926 1787 991 sustinet:
1835 945 1957 1012 qua
1980 951 2134 1028 Per-

158 1024 318 1083 acta,
363 1012 539 1095 ignis
588 952 905 1074 subssitur.
991 1011 1148 1074 Inde
1234 1024 1460 1094 ropter
1499 1007 1751 1094 copiam
1787 1023 2130 1088 materiae,

156 1092 404 1176 locique
451 1093 858 1155 altitudinem
901 1107 1145 1156 tantum
1185 1034 1578 1156 flammarum
1623 1094 1893 1166 emicat,
1952 1109 2023 1157 ut
2055 1092 2136 1156 ad

157 1189 404 1235 centum
454 1191 518 1237 et
566 1176 832 1259 triginta
883 1177 1084 1238 millia
1181 1175 1417 1237 ass'uum
1460 1174 1829 1236 incendium
1873 1177 2133 1261 conspi-

155 1256 383 1317 ciatur:
452 1278 668 1341 neque
726 1273 999 1342 propter
1058 1199 1310 1321 argoris
1369 1255 1744 1317 violentiam
1795 1255 2135 1343 quisquam

155 1358 228 1399 eo
264 1339 583 1401 accedere
628 1360 749 1423 per
789 1339 929 1401 dies
977 1339 1221 1423 aliquot
1261 1336 1591 1424 proximos
1633 1338 1848 1422 possit.

263 1446 438 1505 XlX.
484 1444 556 1506 Id
596 1437 846 1507 sacru‘m
872 1444 1214 1507 Persarum
1252 1443 1410 1505 olim
1446 1462 1639 1525 reges
1669 1442 1991 1522 faciebant
2009 1447 2129 1506 Pa·
2185 1442 2523 1526 Ungieeth·

43 1525 44 1528 ’
151 1526 455 1608 sargadis.
520 1526 672 1589 inde
713 1527 971 1590 transiit
1012 1524 1093 1587 ad
1126 1527 1443 1588 Ponticos
1477 1525 1657 1585 velut
1692 1524 2132 1588 haereditario
2158 1513 2395 1567 ''mh''
2425 1523 2515 1582 ε’·

152 1608 328 1688 jure‚
399 1608 577 1690 quod
631 1609 680 1670 ii
733 1627 977 1690 genere
1027 1608 1370 1670 Persarum
1428 1626 1656 1688 regum
1712 1621 1896 1668 erant
1949 1608 2134 1670 editi.
2162 1598 2286 1634 '⁸⁸⁸'

152 1693 281 1751 Nec
332 1690 616 1752 alienum
671 1689 796 1764 est,
865 1711 994 1774 quo
1047 1687 1444 1750 Mithridatis
1502 1686 1806 1749 nobilitas
1866 1703 1932 1750 et
1986 1712 2136 1774 pars

155 1772 456 1850 majorum
502 1786 969 1855 cognoscatur,
1035 1770 1305 1833 brevem
1358 1769 1572 1853 gentis
1616 1768 1754 1850 ejus
1794 1773 2132 1834 recensio·

157 1873 296 1915 nem
328 1854 748 1916 subnectere.

270 1962 405 2020 XX.
465 1959 903 2034 Mithridatis,
950 1961 1062 2044 qui
1105 1974 1231 2021 tam
1269 1958 1381 2020 diu
1414 1960 1684 2022 bellavit
1721 1979 1865 2023 cum
1897 1965 2134 2024 Roma-

164 2043 287 2115 nis,
330 2040 568 2103 eodem
603 2043 864 2102 nomine
900 2055 1088 2138 pater
1122 2042 1284 2114 fuit,
1336 2044 1701 2124 Evergetes
1734 2063 2135 2127 cognomen-

161 2138 258 2185 to:
317 2123 398 2184 de
443 2143 574 2207 quo
615 2123 751 2183 suis
792 2124 958 2185 locis
999 2122 1307 2206 quaedam
1346 2125 1862 2186 memoravimus.
1963 2126 2134 2189 Ante

41 2213 44 2248 ὲ
137 2204 315 2276 ,hunc
350 2204 651 2287 regnavit
685 2205 1075 2277 Pharnaces„
1126 2205 1586 2287 Sinopensium
1619 2204 1922 2279 domitor,
1969 2229 2135 2291 quos

156 2302 372 2349 contra
422 2301 678 2370 patrem
725 2286 864 2366 ejus
907 2285 1350 2350 Mithridatem
1385 2286 1628 2348 Rhodii
1681 2286 2131 2352 defenderant.

153 2371 235 2430 At
277 2370 758 2431 Ariobarzanes
811 2364 1131 2429 Amastrin
1193 2366 1478 2448 adjunxit
1538 2389 1783 2452 regne,
1848 2369 2136 2433 nobilem

156 2449 411 2529 urhem3
463 2450 669 2535 patris
699 2448 1093 2511 Mithridatis
1134 2450 1365 2532 opibus
1403 2448 1655 2511 validus
1679 2493 1695 2521 ‚
1739 2450 1848 2532 qui
1892 2452 2138 2535 Cappa-

158 2531 398 2593 dociam
439 2546 503 2594 et
528 2532 1030 2615 Paphlagoniam
1064 2533 1248 2592 annis
1283 2553 1397 2595 sex
1432 2544 1497 2592 et
1532 2532 1813 2614 triginta*
1837 2531 2136 2596 obtinue-
2446 2595 2451 2604 ,

157 2627 281 2686 rat,
341 2613 529 2675 valde
577 2614 779 2674 auctis
825 2613 1080 2697 paterni
1128 2614 1318 2696 regni
1358 2612 1633 2674 viribus.
1717 2614 1912 2675 Pater
1963 2616 2135 2676 enim
2189 2635 2529 2698 munaus,
2576 2691 2583 2695 ἢ

159 2694 287 2774 ejus
320 2694 734 2757 Mithridates
773 2693 1091 2780 angustius
1129 2693 1469 2794 imneravit
1490 2737 1507 2768 ‚
1558 2695 1970 2777 praevalente
1999 2701 2132 2758 Ma·-
2162 2704 2524 2775 oeistaem'sto.

159 2775 466 2838 cedonum
504 2776 818 2860 potentia.
900 2780 1059 2838 Nam
1100 2777 1492 2860 Antigonum
1537 2776 1773 2837 sectari
1812 2780 2133 2840 necess'um
2158 2779 2273 2856 ria.

158 2855 406 2931 habuit,
457 2879 539 2920 ex
570 2856 920 2921 Alexandri
949 2863 1051 2918 Ma
1145 2858 1168 2918 i
1211 2858 1377 2920 duce
1416 2857 1916 2940 potentiss'imum
1941 2860 2137 2924 Asiae

159 2959 410 3023 regem:
458 2963 494 3000 a
537 2960 668 3024 quo
705 2939 898 3001 etiam
935 2939 1032 3001 sui
1084 2953 1151 3001 et
1192 2940 1479 3013 occisuS‚
1525 2938 1656 3000 nisi
1691 2937 1840 3022 suga
1884 2962 2134 3006 servas·

165 3035 252 3083 set
295 3023 589 3085 salutem.

270 3146 445 3206 XXI.
508 3145 955 3207 somniaverat
991 3146 1356 3229 Antigonus
1381 3188 1398 3217 ‚
1466 3143 1625 3221 (res
1669 3143 1840 3206 enim
1887 3144 1972 3206 est
2009 3166 2141 3208 non

162 3224 415 3309 indigna
463 3227 703 3305 relatu)
757 3247 828 3298 se
878 3248 1102 3309 agrum
1147 3248 1306 3288 auro
1349 3226 1738 3304 conserere3
1800 3226 2140 3288 Mithrida-

159 3318 280 3368 tem
316 3329 476 3371 vero
517 3306 864 3369 demeffum
907 3330 1129 3370 aurum
1171 3308 1500 3391 asportare
1544 3308 1612 3367 in
1646 3309 1943 3368 Pontum.
2014 3311 2139 3370 La-

163 3386 505 3459 borathoc
548 3391 736 3451 etiam
778 3389 1058 3451 insaniae
1103 3411 1343 3474 genere
1387 3389 1724 3450 humanum
1766 3389 2133 3472 ingenium,

41 3495 72 3528 υ
160 3484 222 3531 ut
257 3484 324 3532 et
356 3470 876 3556 praedictionum
911 3470 1134 3533 harum
1177 3485 1375 3533 ratam
1416 3471 1541 3533 ess'e
1581 3467 1770 3530 fidem
1803 3485 2023 3553 putet,
2071 3485 2137 3535 et

155 3551 357 3613 nihilo
396 3554 615 3614 secius
653 3544 943 3636 pug'nare
982 3572 1122 3614 cum
1162 3554 1294 3617 fato
1333 3568 1622 3616 conetur.
1705 3549 1912 3634 Igitur
1948 3552 2136 3614 Anti-

156 3652 396 3715 gonus,
459 3632 816 3695 tollendum
863 3634 944 3697 de
984 3634 1200 3697 medio
1238 3632 1675 3696 Mithridatem
1719 3646 1932 3708 ratuS‚
1994 3655 2136 3696 rem

154 3726 350 3776 totam
388 3715 731 3780 Demetrio
781 3717 1069 3801 aperuit,
1131 3714 1268 3779 filio
1314 3737 1455 3778 suo.
1538 3715 1753 3800 Atque
1800 3716 1950 3792 ille,
2008 3716 2129 3779 mi-

216 3903 368 3977 Cap.
394 3903 608 3958 xvm.
651 3902 887 3969 Strabo,
922 3903 964 3956 1.
999 3902 1080 3958 15.
1114 3922 1176 3976 p.
1195 3903 1316 3961 732.
1352 3897 1641 3954 Herodot.
1668 3924 1718 3972 1,
1742 3903 1831 3958 31.
1870 3903 1914 3958 A
1964 3902 2125 3976 pinu.
2183 3952 2188 3956 .

154 3971 300 4042 Cap.
326 3971 449 4029 XX.
491 3972 733 4039 Strabo,
763 3970 804 4024 l.
829 3990 917 4027 ιο.
999 4010 1016 4027 .
1042 3977 1165 4040 477.
1205 3970 1443 4034 Strabo,
1478 3968 1521 4020 l.
1557 3987 1638 4023 12.
1669 3988 1730 4041 p.
1755 3972 1875 4038 545.
1918 3921 2128 4044 Bolyh.

153 4041 203 4104 4,
229 4044 323 4098 56.
370 4044 675 4097 Memnon.
711 4057 744 4093 a
787 4039 866 4093 ud
898 4042 941 4095 P
985 4050 1064 4094 ot.
1107 4059 1159 4100 c.
1196 4057 1276 4102 ¹7-
1332 4036 1580 4094 Diodor.
1612 4037 1656 4091 l.
1688 4056 1773 4096 ιο.
1805 4039 1907 4097 fin.
1978 4042 2126 4114 Cap.

155 4110 302 4166 xxl.
342 4109 599 4185 Appian.
640 4108 725 4165 Mi
844 4108 905 4165 d.
937 4121 998 4166 et
1023 4108 1177 4165 Plut.
1209 4111 1471 4165 Demetr.
1505 4122 1559 4161 c.
1592 4106 1649 4165 ὅ.
