2717 4667
637 253 760 329 340
827 247 2240 332 FREINSHEMujSUPPLEMENTORUM
2265 248 2537 310 LmLx.
2626 303 2635 314 .

331 462 608 588 U.e.673.
640 478 811 518 suam
852 453 1128 542 quisque
1167 455 1439 540 patriam
1475 468 1870 539 repeterent.
1968 449 2097 517 'Sed
2134 453 2272 527 illi,
2313 454 2570 516 multitu-

337 530 550 601 A.C.7
592 568 608 585 ·
639 539 788 600 dine
841 536 1105 611 confisi,
1178 551 1243 599 et
1294 538 1443 597 elati
1499 538 1825 610 success'u,
1902 536 2290 620 spernebant
2328 536 2571 616 *salubre

637 620 1014 692 consilium,
1062 634 1128 681 et
1167 616 1536 680 devastanda
1570 619 1747 680 ltalia
1788 638 1938 679 suae
1975 617 2231 678 libidini
2266 617 2575 679 avaritiae-

633 722 758 785 que
800 701 1235 784 indulgebant.
1336 702 1477 763 Jam
1511 701 1683 761 enim
1717 701 1889 761 circa
1924 699 2330 760 Consentiam
2373 712 2436 760 et
2454 701 2575 759 Me-

630 797 958 866 tapontum
996 783 1353 844 delectibus
1387 783 1652 864 agendis
1689 783 1775 843 ita
1809 793 2168 852 creverant,
2212 793 2279 841 ut
2302 794 2430 841 tum
2450 779 2576 862 qui-

631 864 776 924 dem
814 866 1153 946 Spartacus
1202 863 1464 945 triginta
1513 864 1745 937 millia,
1815 860 2044 926 Crixus
2091 861 2311 922 decem
2354 861 2464 921 sub
2501 861 2578 921 si-

631 945 772 1028 gnis
813 945 1093 1006 babuiss'e
1130 944 1435 1006 tradatur.
1513 965 1656 1004 nam
1696 943 1928 1006 tertius
1971 942 2217 1005 ducum.
2238 942 2579 1006 Oenomaus

634 1026 974 1109 superiore
1022 1026 1195 1088 bello
1242 1024 1551 1110 perierat.
1818 1041 1827 1048 ·
2578 1053 2583 1058 ·

312 1122 611 1176 Mffflrfh·
753 1134 861 1192 XI.
906 1133 1191 1203 Interea,
1238 1130 1387 1191 dum
1425 1134 1708 1193 Romana
1739 1151 1909 1192 arma
1940 1127 2114 1191 domi
2146 1152 2179 1191 a
2215 1130 2422 1193 servis
2447 1149 2582 1191 con·

258 1204 341 1311 τε
367 1194 611 1258 desperat
634 1226 1021 1296 temnuntur,
1069 1214 1135 1272 in
1172 1213 1440 1274 remotis
1469 1212 1829 1296 provinciis
1860 1225 2083 1274 contra
2104 1213 2583 1295 potentiss'imum

257 1277 607 1398 1,·θὲἶὶιῖξῖἵῇ
633 1314 888 1378 regem,
933 1293 1326 1378 imperatore
1355 1295 1624 1356 Lucullo
1646 1338 1662 1369 ,
1717 1314 1941 1377 magna
1977 1314 2116 1354 cum
2153 1293 2361 1376 gloria
2393 1293 2582 1374 fulge-

632 1377 804 1439 bant.
892 1374 1165 1438 Omnem
1195 1374 1318 1456 jam
1350 1395 1482 1436 non
1514 1388 1933 1438 commeatum
1960 1375 2152 1435 modo
2171 1374 2582 1446 Mithridates,

634 1458 753 1520 sed
788 1457 979 1520 etiam
1014 1477 1208 1542 opeS,
1272 1457 1529 1541 copias,
1591 1478 1774 1540 spem
1821 1456 2102 1539 denique
2149 1454 2585 1539 expugnandae

632 1539 849 1621 Cyzici
873 1539 1364 1623 consumpserat.
1408 1540 1632 1621 Igitur,
1661 1539 1982 1600 Hermaeo
2008 1537 2331 1620 Varioque
2353 1536 2586 1600 traditis
2678 1551 2679 1590 1

628 1620 958 1705 peditibus
980 1663 996 1694 ,
1042 1641 1313 1704 quorum
1336 1641 1640 1682 numerus
1665 1619 1871 1681 adhuc
1895 1619 2158 1704 triginta
2183 1620 2384 1681 millia
2415 1638 2588 1702 supe·
2676 1623 2679 1646 *

631 1704 845 1800 rabat,
909 1701 1054 1786 ipse
1091 1700 1415 1764 maritimo
1458 1701 1694 1764 itinere
1735 1701 1803 1762 in
1840 1720 2114 1786 regnum
2148 1701 2468 1784 cogitabat
2495 1719 2588 1762 rc·
2676 1721 2679 1768 ς

631 1799 824 1847 veru.

309 1903 482 1958 N00m
516 1907 648 1963 aa.-
756 1893 892 1952 XII.
934 1895 1179 1962 Noctu,
1226 1910 1354 1975 quo
1390 1890 1649 1952 falleret
1688 1890 2006 1968 obsessos,
2051 1888 2401 1954 conscendi
2426 1889 2591 1953 navi·

254 1977 499 2045 navigat.
629 1972 734 2112 gia
780 1972 969 2052 juffit.
1069 1972 1201 2034 Sed
1254 1992 1326 2033 ea
1379 1972 1638 2053 majoris
1695 1973 2147 2057 trepidationis
2201 1974 2404 2035 causs‘a
2458 1973 2590 2034 fuit.

679 2074 817 2124 um,
881 2053 1055 2114 inter
1102 2054 1404 2115 tenebras
1453 2065 1628 2115 metu
1677 2056 2108 2116 reverentiam
2159 2053 2421 2139 imperii
2463 2055 2591 2118 vin-

631 2150 856 2206 cente,
902 2136 1194 2195 certatim
1239 2149 1304 2197 et
1345 2133 1707 2217 promiscue
1752 2136 1834 2195 ad
1875 2157 2069 2199 naves
2101 2135 2348 2211 ruitur,
2413 2155 2592 2222 quae-

633 2215 786 2277 dam'
814 2235 955 2277 cum
989 2215 1113 2288 his,
1160 2218 1273 2301 qui
1307 2216 1776 2290 inscenderant,
1824 2217 2194 2280 submersae
2219 2232 2402 2296 sunt3
2447 2219 2593 2280 aliae

617 2299 923 2360 'turbatae
960 2311 1151 2382 atque
1190 2299 1613 2361 circumactae
1650 2299 1805 2381 plus·
1833 2298 2038 2361 adhuc
2072 2321 2288 2362 morae
2326 2298 2594 2362 conster-

635 2381 1045 2464 nationisque
1094 2380 1416 2443 fecerunt.
1498 2382 1642 2442 Hoc
1679 2380 1868 2442 modo
1908 2399 2104 2465 aegre
2142 2383 2376 2444 solutis
2416 2402 2595 2444 anco-

634 2463 730 2523 ris
757 2462 1018 2523 Parium
1054 2482 1170 2523 rex
1208 2461 1530 2545 pervenit.
1629 2460 1820 2556 Quod
1857 2464 1966 2524 ubi
2007 2461 2315 2550 postridie
2355 2487 2390 2526 a
2425 2463 2596 2546 Cyzi·
2676 2511 2677 2544 ᾗ

637 2546 817 2605 cenis
853 2542 939 2605 est
977 2545 1334 2627 cognitum,
1384 2556 1801 2605 excurrentes
1835 2545 1899 2605 in
1929 2544 2197 2606 Pontica
2232 2544 2460 2621 castra,
2501 2566 2598 2608 re·
2676 2549 2677 2570 ³

635 2626 872 2709 liquam
911 2625 1116 2688 adhuc
1151 2638 1476 2709 aegrotam
1508 2626 1983 2688 multitudinem
2010 2626 2455 2703 conciderunt,
2498 2627 2598 2689 ab·

635 2707 780 2770 latis
802 2751 819 2781 ,
866 2729 1028 2793 quae
1059 2708 1228 2771 verti
1266 2707 1333 2767 in
1365 2707 1669 2790 praedam
1704 2721 2022 2793 poterant.

314 2836 580 2891 lucau„
757 2816 924 2876 xm.
989 2814 1120 2877 Sub
1165 2813 1338 2875 idem
1380 2828 1506 2876 tem
1560 2836 1632 2876 us
1675 2815 2065 2890 Archelaus,
2130 2816 2335 2880 classis
2386 2817 2598 2901 regiae
2674 2833 2675 2848 ¹

225 2899 231 2904 ’
258 2907 564 2977 peditatum
638 2896 1007 2981 praefectus
1043 2897 1430 2974 (Aristonicum
1470 2898 1523 2956 P
1552 2897 1852 2961 utarchus
1890 2900 2196 2983 appellat)
2236 2900 2300 2960 in
2336 2897 2597 2984 potessa-

266 2977 472 3042 s⁶83⁸⁴¹²⁸
491 2970 614 3044 ‘'ff‘-
643 2993 775 3041 tem
814 2978 1069 3040 Luculli
1116 2978 1435 3061 pervenit.
1530 2978 1791 3042 Miserat
1843 3005 1986 3044 eum
2029 2980 2475 3051 Mithridates,
2536 2993 2600 3042 ut

265 3057 455 3166 ἔφη*
485 3060 596 3098 “⁸'‘
644 3062 974 3156 negotium
1010 3059 1348 3121 facess'eret
1378 3056 1573 3131 hosti,
1620 3082 1702 3122 ne
1735 3065 2147 3129 recedentem
2178 3085 2213 3128 a
2240 3066 2476 3146 Cyzico
2507 3082 2601 3125 se·
2672 3121 2673 3126 ,

304 3125 400 3181 “··
650 3164 762 3226 qui
784 3143 1017 3225 posset3
1065 3140 1457 3223 dederatque
1486 3141 1712 3204 decem
1745 3146 1942 3207 millia
1970 3161 2313 3210 aureorum
2339 3146 2423 3209 ad
2436 3145 2603 3209 Fim-

654 3224 909 3286 brianas
961 3223 1836 3307 corrumpendas-legiones.
1943 3230 2073 3291 Sed
2127 3231 2272 3300 ille,
2337 3229 2531 3290 fidem
2570 3247 2605 3286 a
2670 3277 2671 3280 η

654 3304 926 3390 perfidis
974 3306 1193 3389 inepte
1234 3325 1498 3389 sperare
1532 3328 1757 3381 ausus,
1820 3330 2010 3393 quum
2044 3325 2358 3395 tamquam
2394 3311 2476 3371 ad
2508 3329 2607 3371 ac-

656 3387 989 3471 cipiendas
1033 3387 1251 3469 copias
1300 3384 1606 3451 destinato
1645 3403 1937 3474 tempore
1972 3394 2273 3466 veniss'et,
2333 3391 2603 3465 occisis,

657 3490 821 3553 quos
872 3490 1086 3531 secum
1136 3468 1480 3536 adduxerat
1505 3513 1523 3543 ‚
1583 3474 2170 3559 comprehenditur.
2263 3475 2605 3548 Lucullus,

655 3550 875 3614 audito
894 3595 926 3632 ,ἱ
954 3548 1282 3635 pedestres
1313 3552 1703 3618 Mithridatis
1743 3556 1961 3639 copias
1990 3555 2395 3642 Lampsacum
2430 3569 2613 3642 pete-

655 3653 768 3706 re,
823 3633 1130 3694 continuo
1166 3633 1569 3716 insequutus,
1631 3638 1710 3699 ad
1742 3637 2057 3723 Aesepum
2091 3660 2336 3702 amnem
2374 3639 2612 3723 depre-

654 3713 881 3776 hendit
900 3758 919 3791 ,
967 3714 1077 3797 qui
1106 3729 1240 3776 tum
1272 3715 1421 3774 anni
1449 3729 1742 3803 tempore
1766 3719 2069 3806 pluvioso
2093 3722 2441 3806 plurimum
2471 3740 2612 3783 cre-

655 3809 858 3859 verat.
942 3797 1038 3859 lbi
1093 3797 1408 3860 Granicus
1466 3814 1531 3863 et
1583 3805 1875 3888 Aesepus
1930 3824 2146 3866 amnes
2200 3814 2615 3866 cruentarunt

726 3990 874 4060 Cap.
902 3990 973 4045 X.
1012 3993 1183 4047 Oros.
1214 3993 1266 4060 5,
1297 3996 1382 4059 ²4·
1455 3995 1597 4068 Cap.
1624 3996 1723 4050 XI.
1758 3996 1882 4053 Liv.
1913 3999 2065 4072 Epit.
2103 4000 2398 4056 Memnon.
2468 3997 2610 4070 Gap.

657 4059 785 4114 xn.
843 4058 993 4115 Plut.
1043 4061 1267 4115 Lucull.
1332 4065 1630 4120 Memnon.
1699 4067 1946 4137 Appian.
1999 4069 2263 4130 Mithrid.
2309 4073 2608 4128 Memnon.

657 4128 973 4203 eap.x111.
1008 4128 1159 4186 Plut.
1194 4131 1491 4194 Memnon.
1524 4134 1779 4209 Appiano
1811 4136 1970 4193 Flor.
1988 4141 2039 4210 3,
2058 4139 2114 4199 5.
