2717 4667
392 222 546 306 358

793 212 1404 297 ΕΡΪΤΟΜΕ
1464 207 2162 295 Llnffl‘xcle.

389 464 677 537 ratione
726 479 966 528 rerum
1014 478 1323 527 suarum
1373 463 1693 543 coactu-5,
1743 454 1847 524 ad
1884 457 2262 546 Tigranem
2299 459 2543 523 Arme-

397 588 561 656 niae
609 605 845 677 regem
891 583 1234 690 confugit.

397 849 651 944 senatui
674 883 759 942 ad
778 885 1030 957 equites,
1061 881 1248 942 Sulla
1267 883 1346 939 ab
1366 881 1442 938 il·

2301 661 2456 776 'Jo-

1508 883 1724 953 ριετδεν
1752 871 1930 941 αὖθις
1955 880 2036 937 εἰς
2060 878 2199 937 τούς
2223 880 2437 934 ἱππέας
2453 878 2547 933 νύ.

398 955 484 1011 lis
521 952 607 1011 ad
644 963 927 1010 senatum
962 952 1439 1010 transtulerant.
1505 965 1601 1019 μφ
1631 950 2129 1033 μεταφερομένας.

396 1024 510 1080 Vir
525 1025 698 1095 longe
715 1020 1079 1076 doctissimus
1096 1021 1309 1074 Anton.
1326 1019 1440 1072 Au-

398 1092 661 1164 gustinus
693 1091 753 1144 in
782 1089 938 1143 libro
972 1088 1044 1144 de
1064 1088 1311 1161 Legibus
1333 1087 1443 1141 sub

391 1165 528 1233 lege
543 1159 782 1214 Aurelia
797 1157 857 1212 in
869 1157 1141 1239 Epitoma
1155 1174 1276 1210 non
1295 1155 1445 1210 male

400 1228 682 1302 scriptum
709 1225 881 1294 dicit,
907 1225 1155 1303 judicia
1180 1243 1291 1296 per
1310 1225 1446 1280 Get-

398 1308 533 1357 tam
560 1295 645 1354 ad
663 1299 900 1370 equites
913 1298 1226 1353 Romanos
1245 1303 1447 1347 trans·

398 1367 543 1424 lata
566 1366 698 1430 effe,
736 1382 912 1448 quum
944 1361 1152 1430 majori
1181 1379 1248 1413 ex
1274 1371 1448 1432 parte

297 1479 304 1494 1
400 1434 628 1515 equites
649 1432 996 1502 judicarent.
1035 1429 1154 1484 Sed
1170 1430 1281 1482 hoc
1298 1428 1447 1483 testi-

2158 950 2383 1078 ἕπερ·
2466 957 2550 1001 ter

1510 1037 1583 1074 eo
1631 1020 1817 1073 minus
1862 1038 2075 1074 mirum
2116 1021 2173 1075 ν’
2220 1019 2305 1073 eri
2345 1017 2415 1076 de
2462 1027 2544 1081 et,

1512 1086 1803 1142 interdum
1830 1098 2063 1148 tautum
2096 1088 2241 1147 dnos
2277 1086 2512 1142 ordines
2528 1122 2545 1151 ,

1513 1155 1870 1210 senatorium
1899 1166 1960 1211 et
1988 1162 2330 1230 equestrem,
2366 1153 2550 1208 nomi·

1512 1225 1662 1290 nari,
1694 1234 1755 1278 et
1786 1226 2058 1280 tribunos
2090 1227 2353 1283 aerarios
2387 1238 2554 1294 prae-

1489 1291 1703 1348 teriri.
1770 1295 1897 1348 Hoc
1936 1312 1969 1352 e
2006 1295 2129 1349 Cic.
2175 1310 2289 1369 pro
2323 1294 2549 1349 Cluent.

1514 1380 1639 1434 cap·
1660 1362 1746 1429 43.
1785 1362 2049 1430 ostendit,
2089 1376 2148 1419 et
2172 1383 2241 1420 ex
2269 1381 2344 1417 eo
2360 1357 2556 1416 Velle-

1512 1432 1664 1500 lum,
1703 1430 1804 1502 qui
1842 1448 1892 1498 a,
1925 1433 2014 1489 3².
2066 1435 2298 1488 Cottam
2331 1443 2556 1487 munus

378 1509 613 1558 'monus
641 1501 755 1556 scri
802 1512 990 1555 torum
1017 1508 1281 1554 veterum
1306 1509 1448 1550 con·
1501 1497 1842 1576 judicandi
1890 1501 2244 1570 aequaliter
2285 1501 2455 1557 inter
2495 1515 2554 1550 u·

397 1569 745 1627 firmandum
826 1570 936 1625 isse
951 1577 1116 1641 puto.
1138 1567 1320 1640 Magis
1333 1567 1447 1619 huc

398 1640 677 1714 pertinet,
709 1640 984 1711 primum,
1017 1636 1174 1710 quod
1188 1632 1446 1705 judicia

297 1733 300 1736 ·
397 1726 522 1765 non
548 1725 781 1780 semper
806 1706 1009 1762 eadem
1028 1703 1444 1776 significatione

398 1775 732 1849 transferri
749 1775 1036 1830 dicuntur.
1066 1779 1206 1830 Nam
1224 1773 1303 1825 ita
1320 1771 1445 1826 cic.

398 1845 531 1900 Act.
557 1868 605 1901 ι.
640 1845 701 1897 in
719 1848 896 1899 Vcrr.
912 1845 967 1899 8.
1003 1844 1076 1897 ad
1093 1846 1238 1898 hanc
1256 1842 1444 1913 legem

397 1913 744 1985 respiciens„
781 1913 1023 1967 Etenim
1040 1914 1175 1985 quis
1233 1909 1442 1972 eterit,

398 1981 612 2054 inquit,
644 1982 820 2036 Verre
835 1980 1142 2047 absoluto,
1205 1985 1449 2032 etrans-

387 2048 674 2122 serendis
675 2046 943 2124 judiciis
960 2046 1253 2102 dubitare
1270 2047 1298 2103 :²
1335 2044 1443 2096 lib.

404 2140 453 2175 ι.
486 2117 546 2171 in
565 2119 739 2171 Verr.
762 2134 817 2170 α.
848 2117 1218 2171 Desinemus
1241 2131 1350 2171 nos
1370 2111 1448 2167 de
1476 2175 1481 2182 ¹

411 2182 657 2242 ‘udiciis
671 2183 1120 2255 transferendis
1132 2198 1442 2238 recusare.

451 2265 473 2307 t
491 2253 634 2307 ibid.
659 2253 858 2324 cap-8.
908 2255 980 2307 Ut
997 2249 1250 2324 judicia
1281 2268 1320 2305 a
1348 2268 1445 2304 νο-

402 2324 500 2379 bis
543 2320 989 2390 (senatoribus)
1047 2319 1445 2392 auferantur.

325 2439 332 2450 ,
398 2389 629 2446 Deinde
648 2385 820 2515 guod
849 2388 1057 2443 Cicero
1087 2404 1323 2461 quoque
1341 2384 1444 2439 Di-

399 2461 525 2516 vin.
558 2458 619 2512 in
698 2457 865 2512 aecil.
909 2474 1040 2529 cap.
1058 2458 1113 2514 3.
1147 2455 1254 2511 lib.
1286 2458 1341 2513 6.
1387 2453 1448 2507 in

399 2532 581 2585 Verr.
610 2529 701 2597 69.
735 2536 793 2580 et
809 2525 1024 2580 Ascon.
1058 2526 1132 2580 ad
1150 2526 1278 2578 Act.
1306 2542 1356 2578 ι.
1387 2522 1450 2576 in

400 2601 581 2654 Verr.
628 2618 680 2653 1.
735 2611 885 2667 quae
932 2593 1063 2648 loca
1111 2590 1450 2647 observavit

399 2663 727 2730 Manutius,
779 2660 854 2715 de
897 2661 1005 2715 bac
1047 2661 1176 2735 lege
1210 2670 1449 2735 agentes

399 2742 625 2788 tantum
642 2748 822 2785 unum
833 2729 1095 2784 ordinem
1107 2737 1445 2794 memorant,

401 2800 568 2876 quasi
597 2800 931 2854 Cotta0eum
959 2799 1147 2852 solum
1171 2816 1268 2852 res
1294 2794 1465 2866 judi-J

401 2886 539 2925 care
578 2865 866 2931 voluerit,
924 2867 1101 2921 antis
1142 2866 1297 2924 solus
1327 2864 1452 2937 post

400 2938 591 3011 legem
619 2933 772 2989 iilius
798 2932 1164 2990 indicaverit.
1213 2936 1333 2990 Nec
1352 2933 1452 2989 ci-

1515 1576 1801 1640 trumque
1833 1567 2110 1625 ordinem
2138 1570 2449 1644 partitum
2472 1564 2556 1617 fu·

1514 1637 1628 1691 isse
1646 1634 1872 1703 scribit,
1902 1636 1982 1690 ita
1998 1636 2427 1712 interpretatur
2443 1635 2559 1687 Ma-

1514 1704 1708 1759 nutius
1724 1743 1742 1770 ,
1802 1722 1934 1759 eum
1980 1704 2252 1761 tribunos
2298 1702 2557 1760 aerarios

1511 1789 1632 1827 non
1664 1773 1988 1828 nominasse
2020 1774 2290 1857 quidem,
2344 1771 2449 1827 sed
2478 1781 2560 1826 ta-

1512 1859 1646 1897 men
1679 1859 1800 1898 non
1830 1841 2161 1900 exclusisse.
2197 1846 2364 1898 Hanc
2383 1842 2559 1894 inter-

1511 1909 1906 1983 pretationem
1925 1910 2040 1965 lo‘ci
2056 1910 2345 1980 Vellejani
2363 1922 2558 1963 veram

1514 1995 1661 2045 esse,
1699 1988 1758 2031 et
1787 1979 1961 2032 etiam
1986 1996 2058 2033 eo
2077 1979 2410 2034 confirmari
2428 1993 2556 2050 pos·

1514 2061 1575 2100 se
1610 2046 1890 2113 arbitror,
1936 2046 2094 2120 quod
2127 2048 2338 2105 Cicero
2376 2047 2436 2099 in
2465 2061 2555 2100 ea·

1514 2115 1648 2169 dem
1675 2116 1841 2169 Orat.
1886 2134 2017 2188 cap.
2045 2121 2135 2186 47.
2184 2119 2249 2171 1..
2275 2114 2471 2171 Gellio
2503 2120 2558 2166 et

1515 2184 1621 2237 Cn.
1640 2181 1916 2238 Cornelio
1932 2186 2176 2239 Lentulo
2197 2183 2555 2254 censoribus,
2572 2183 2577 2188 ’
2674 2193 2675 2196 ’

1514 2250 1579 2306 id
1607 2252 1683 2305 est
1709 2254 1991 2323 Pompeio
2028 2263 2086 2307 et
2111 2255 2322 2309 Crasso
2355 2268 2556 2307 consu-

1511 2319 1690 2387 libus,
1725 2319 1941 2388 judicia
1968 2340 2107 2377 cum
2139 2320 2361 2378 ordine
2388 2335 2558 2392 eque·

1513 2390 1634 2446 stri
1662 2390 2095 2447 communicata,
2108 2407 2234 2444 esse
2256 2388 2421 2455 dicit,
2456 2402 2557 2441 nec

1514 2456 1869 2512 mentionem
1897 2458 2271 2513 tribunorum
2299 2455 2556 2513 aerario-

1516 2544 1647 2590 rum
1682 2523 1841 2579 facit.
1895 2524 1990 2582 Ad
2031 2527 2174 2582 baec
2214 2527 2264 2581 si
2305 2526 2558 2582 animum

1515 2592 1860 2649 advertisset
1882 2594 2128 2668 Lipsius,
2168 2595 2557 2656 abstinuisset,

1516 2660 1719 2728 credo,
1736 2663 2073 2731 conjectura
2087 2662 2148 2717 in
2163 2663 2418 2732 Velleio,
2432 2677 2555 2725 nec,

1514 2748 1631 2804 pro
1679 2733 1846 2788 inter
1899 2740 2230 2807 utrumque
2277 2731 2557 2790 ordinem

1514 2801 1790 2873 partitus
1817 2809 1943 2867 est,
1969 2799 2278 2873 legendum
2300 2804 2557 2873 putasset

1516 2871 1682 2940 inter
1698 2865 1946 2926 ordines
1956 2871 2232 2942 partitus
2246 2877 2360 2926 est.
2391 2862 2559 2948 Quod

1518 2946 1711 2992 autem
1750 2938 2009 3007 Velleius
2055 2937 2284 2992 Cottam
2333 2949 2558 2994 munus

306 3027 317 3038 ·
401 3022 546 3063 cero
564 3004 653 3059 his
666 3002 811 3058 locis
828 3008 1050 3059 tantum
1067 3004 1147 3060 ita
1162 3003 1450 3078 loquitur,
1503 3003 1848 3083 judicandi
1890 3025 1929 3061 a
1942 3024 1977 3061 e
2046 3021 2142 3061 ua
2156 3005 2181 3062 l
2197 3007 2223 3062 i
2238 3013 2265 3063 t
2276 3025 2308 3061 e
2321 3026 2359 3061 r
2397 3008 2559 3061 inter

404 3162 459 3200 2.
494 3145 672 3198 Verr.
701 3157 789 3210 7¹·
826 3151 885 3194 et
908 3142 965 3198 3.
1011 3144 1189 3199 Verr.
1217 3143 1308 3213 96.
1344 3138 1451 3194 ubi

400 3212 486 3266 ita
504 3210 784 3282 scriptum
802 3209 907 3264 est:
944 3208 1114 3283 Quid
1123 3226 1452 3284 possumus

299 3113 304 3142 ·.
400 3071 816 3142 verumetiam
845 3087 894 3129 ι’.
926 3072 1059 3128 Act.
1089 3072 1151 3127 in
1165 3075 1342 3130 Verr.
1359 3073 1446 3138 16,
1518 3081 1849 3145 utrumque
1915 3093 1985 3132 or
2031 3076 2194 3130 inem
2254 3077 2560 3148 partitum

1516 3141 1703 3223 fuis-se·
1727 3140 1934 3225 tradit,
1990 3139 2144 3196 haud
2173 3142 2326 3210 scio,
2375 3159 2452 3196 an
2481 3139 2559 3195 ita

1517 3226 1706 3281 accipi
1744 3223 1965 3283 possit,
2028 3228 2159 3266 eum
2201 3228 2270 3264 ex
2306 3221 2558 3281 utroque

402 3287 627 3350 contra,
644 3280 835 3335 istum
850 3286 1200 3350 praetorem
1218 3277 1446 3343 dicere,
1515 3275 1726 3334 ordine
1795 3296 1955 3334 arem
1978 3295 2285 3335 numerum
2302 3278 2558 3347 judicum
2616 3275 2621 3282 '

401 3350 513 3423 qui
526 3345 804 3421 quotidie
821 3346 1121 3418 templum
1138 3355 1324 3414 tenet,
1341 3347 1450 3419 qui
1512 3347 1629 3420 legi
1669 3365 1746 3402 vo
1771 3348 1943 3403 uisse.
2014 3350 2133 3404 Nec
2169 3358 2366 3402 tamen
2402 3341 2557 3402 aliud

399 3415 852 3489 rempublicam
866 3421 1061 3488 negat
1073 3417 1291 3472 sistere
1305 3432 1443 3491 pos·
1512 3415 1680 3486 hujus
1709 3417 2007 3490 opinionis
2032 3435 2099 3470 ar
2179 3426 2435 3471 mentum
2463 3415 2560 3467 ha-

375 3503 484 3550 nte,
509 3487 578 3541 ni
597 3481 682 3539 ad
699 3490 1038 3556 equestrem
1055 3482 1336 3540 ordinem
1333 3500 1445 3566 Ju·
1512 3483 1629 3540 beo
1646 3522 1664 3551 ,
1697 3501 1868 3557 quam
1896 3483 2055 3559 quod
2082 3485 2102 3538 i
2173 3482 2409 3539 videtur
2439 3480 2556 3537 col·
2636 3516 2643 3524 -

400 3552 572 3610 dicia
597 3550 995 3622 referantur?
1030 3552 1125 3607 Sic
1141 3552 1266 3624 post
1283 3554 1447 3607 Cice·
1509 3550 1613 3627 ligi
1658 3569 1691 3606 e
1732 3571 1979 3609 numero
2013 3553 2267 3622 judicum
2301 3571 2371 3607 ex
2403 3562 2562 3606 utro·-

398 3638 608 3675 ronem
626 3619 809 3676 Tacit.
832 3637 913 3675 n.
948 3620 1158 3675 Annal.
1179 3638 1266 3676 n.
1293 3623 1451 3678 Post
1595 3639 1626 3676 e
1661 3620 1870 3677 ordine
1903 3623 1963 3675 in
1997 3620 2262 3691 judiciis,
2299 3638 2448 3694 quae
2482 3615 2555 3672 ad

400 3689 545 3768 lege
561 3689 784 3746 Sullae
817 3690 1045 3762 viginti
1069 3689 1442 3761 [quaestores]
1566 3700 1678 3744 rat.
1722 3690 2026 3746 Ciceronis
2072 3705 2186 3763 pro
2228 3691 2451 3747 Scauro
2497 3693 2559 3741 et

399 3759 601 3813 creati
629 3757 971 3830 supplendo
1003 3758 1290 3827 senatui,
1341 3756 1450 3814 eui
1554 3775 1627 3812 ro
1662 3756 1883 3813 Milone
1927 3768 2214 3813 memorat
2248 3756 2552 3812 Asconius.

391 3823 645 3900 judicia
683 3824 1067 3891 tradiderat,
1124 3833 1187 3882 et
1230 3844 1446 3899 quam·
1564 3827 1686 3882 UH.
1706 3845 1818 3898 per
1833 3831 1929 3884 M.
1944 3826 2267 3883 Aurelium
2291 3829 2552 3893 Cottam,

399 3911 588 3966 quam
632 3894 869 3966 equites
901 3893 1158 3970 judicia
1193 3909 1441 3966 recupe-
1508 3906 1576 3950 ut
1597 3904 1736 3950 ante
1761 3894 2065 3969 sigonium
2094 3895 2398 3961 edebatur,
2432 3909 2552 3948 ser-

396 3961 719 4026 ravit-sent,
738 3970 1077 4029 quaestura
1097 3970 1309 4019 tamen
1326 3972 1438 4019 etc.
1510 3974 1651 4018 vant
1679 3962 1841 4017 Leid.
1873 3966 2047 4038 Berg.
2078 3966 2218 4020 Lov.
2238 3982 2292 4022 ι.
2325 3959 2564 4018 Boend.-

395 4027 775 4108 {Bt-Plutarch.
795 4029 855 4083 in
873 4031 1013 4084 Pom
1058 4031 1151 4108 ejo
1167 4029 1240 4084 de
1254 4032 1442 4104 primo
1507 4035 1645 4089 Exc.
1670 4032 1929 4104 Pithoei‚
1967 4044 2027 4090 et
2052 4035 2234 4091 Norv.

397 4094 555 4150 nllnus
588 4097 921 4154 consulatus
1033 4114 1108 4156 as
1145 4099 1310 4158 §inus
1343 4116 1443 4158 πε-
2281 4124 2289 4132 ·

1000 4207 1012 4246 Ι
