2717 4667
585 220 707 291 661
790 216 1200 287 FREINefl:
1225 204 2257 283 SUPPLEMENTORUnJm.
2274 203 2521 267 Lxxl.

243 434 317 493 U.
353 451 408 490 c.
436 433 562 504 699.
712 433 966 497 XLIX.¹
986 423 1310 510 Digreffis
1344 422 1637 497 Parthis,
1678 419 2129 483 miserabilior
2156 419 2332 502 apud
2354 424 2608 482 Roma-

238 508 313 567 Α·
352 507 419 561 C·
448 506 536 561 53·
590 535 713 579 nos
735 556 751 585 ‚
811 533 1002 597 quam
1040 506 1458 589 inter·ipsam
1489 525 1803 588 pugnam,
1860 504 2079 565 luctus
2109 500 2275 574 fuit,
2325 503 2508 587 quod
2543 519 2611 566 et

276 573 565 646 sugast&
594 599 923 679 acceptam
964 592 1708 663 calamitatemnoscere
1742 585 2047 656 vacabat,
2102 597 2171 645 et
2204 584 2608 667 impenden-

218 656 530 701 ”amwm‘
579 694 720 743 tem
762 676 1035 741 deflere.
1126 672 1427 744 Crass'us,
1481 668 1552 729 in
1589 668 1888 733 tenebris
1926 663 2187 729 abditus
2211 708 2229 741 ,
2289 668 2408 729 vix
2442 689 2477 728 a
2507 669 2609 730 le-
2688 686 2689 699 ¹

580 762 755 846 gatis
790 758 1204 839 tribunisque
1237 754 1306 815 in
1315 751 1663 897 ¹principia
1691 749 2009 815 adductus
2033 745 2141 813 est.
2209 753 2453 832 Neque
2481 749 2607 811 du·

579 844 945 913 bitabatur,
993 838 1150 926 quin
1193 855 1310 903 eva
1361 834 1387 897 i
1425 833 1705 897 Carrhas
1740 844 2107 917 oporteret.
2194 831 2465 894 Idcirco
2512 834 2606 894 si-
2690 844 2691 849 ’

576 926 789 991 lentio
818 923 1091 986 eductus
1122 917 1454 983 exercitus
1472 957 1492 990 ,
1535 935 1925 1012 quamquam
1950 913 2352 998 sequebatur
2377 934 2604 989 nemo,

581 1007 848 1095 saepius
877 1019 1093 1067 tamen
1128 1000 1269 1067 acie
1301 997 1474 1063 facta
1508 996 1828 1070 constitit,
1875 997 2027 1080 quia
2056 996 2262 1058 saucii
2294 1003 2365 1058 et
2390 997 2605 1080 aegri,

577 1110 785 1175 quum
821 1108 893 1150 se
931 1083 1220 1168 relinqui
1252 1081 1614 1155 sentirent,
1657 1079 1861 1142 mixto
1896 1076 2137 1161 ejulatu
2160 1099 2245 1141 ac
2278 1080 2602 1152 clamore,

575 1190 889 1257 magnum
922 1166 1267 1231 tumultum
1295 1161 1763 1226 excitaverant.
1845 1163 1935 1225 Et
1970 1159 2253 1245 quidam,
2299 1176 2378 1222 ut
2410 1174 2611 1244 pote-

579 1267 754 1326 rant,
787 1271 1067 1317 'suorum
1096 1250 1230 1311 iter
1255 1245 1868 1330 consequebantur:
1911 1243 2148 1327 hisque
2181 1242 2467 1306 viciffim
2497 1257 2611 1307 aut
2692 1294 2693 1299 ,

575 1333 1004 1405 ‚sustollendis
1054 1344 1162 1394 aut
1210 1325 1623 1412 deponendis
1669 1324 1850 1390 lente
1887 1324 2293 1410 procedebat
2330 1346 2608 1409 agmen:

579 1418 720 1480 nisi
757 1415 938 1500 quod
967 1435 1115 1482 cum
1144 1409 1428 1496 Egnatio
1460 1410 1718 1494 equites
1751 1408 2073 1480 trecenti,
2117 1408 2383 1492 abrupti
2425 1430 2463 1468 a
2495 1429 2609 1470 ce·

519 1528 526 1537 ⁸
582 1500 785 1572 teris,
830 1512 1026 1560 nocte
1064 1493 1385 1564 concubia
1418 1505 1745 1554 venerunt
1770 1490 2071 1552 Carrhas.
2130 1484 2480 1574 Coponius
2512 1489 2608 1553 ibi

578 1578 918 1665 praesidio
976 1583 1271 1640 Romano
1335 1588 1678 1658 praeerat,
1759 1573 1868 1637 cui
1917 1571 2232 1657 Egnatius
2291 1573 2606 1635 nunciat-i
2696 1646 2697 1653 ἵ

582 1683 781 1747 quum
824 1661 1134 1742 juss'iss'et,
1177 1654 1406 1739 ‘ingemi
1449 1655 1655 1734 proelio
1690 1676 1810 1715 cum
1841 1653 2073 1715 Parthis
2103 1671 2425 1736 pugnatum
2460 1653 2595 1735 effi»,
2696 1666 2697 1671 ’

555 1744 750 1825 ¹nihil
782 1744 953 1805 ultra
987 1755 1277 1805 moratus
1298 1778 1317 1815 ‚
1365 1735 1448 1800 ad
1477 1738 1763 1824 Zeugma
1795 1758 1943 1800 cum
1977 1734 2114 1800 suis
2144 1736 2470 1821 pervenit
2499 1736 2601 1798 in-

582 1824 883 1889 columis.
937 1850 942 1859 -
1386 1838 1393 1855 ·

231 1956 461 2037 Gfroessus
476 1968 561 2006 θ’·
709 1960 786 2018 L.
833 1955 1207 2041 Coponius,
1253 1955 1422 2019 nihil
1454 1974 1536 2017 ex
1564 1952 1705 2027 bis,
1753 1973 1919 2039 quae
1956 1953 2144 2016 allata
2177 1967 2391 2027 erant,
2443 1953 2592 2015 laeti

171 2033 288 2079 ‘m‘
307 2024 566 2101 ⁰⁰''⁶“⁸·.
584 2039 977 2124 suspicatus,
1021 2049 1225 2099 armat
1266 2037 1609 2133 extemplo⁵
1633 2036 1904 2111 milites,
1949 2050 2036 2107 et,
2084 2036 2458 2119 praemiss'is
2489 2056 2585 2097 ex-

576 2121 1064 2208 ploratoribus,
1113 2140 1312 2204 quum
1350 2139 1585 2187 venire
1621 2119 1908 2180 Crass'um
1944 2117 2250 2191 audiss'et,
2296 2118 2591 2180 occurrit

557 2205 683 2278 rei,
744 2202 1147 2284 deducitque
1185 2203 1255 2262 in
1285 2202 1556 2273 urbem,
1603 2200 1770 2262 nihil
1802 2221 1929 2285 per
1968 2200 2273 2262 tenebras
2311 2220 2590 2262 moven-

488 2296 493 2305 ’
573 2287 756 2349 tibus
804 2283 1107 2356 Parthis,
1179 2303 1564 2370 quamquam
1615 2280 1889 2344 hostium
1944 2282 2162 2365 fugam
2215 2282 2592 2344 sensiss‘ent.

571 2370 664 2432 At
697 2367 815 2429 ubi
851 2365 1107 2438 diluxit,
1159 2366 1436 2428 relictos
1464 2365 1534 2427 in
1566 2362 1809 2436 castris,
1855 2363 2028 2426 haud
2057 2364 2410 2448 pauciores
2445 2364 2596 2425 mil-

568 2446 744 2512 libus
767 2462 1068 2533 quatuor,
1097 2461 1419 2532 quotquot
1450 2467 1565 2510 sua
1590 2467 1782 2507 manu
1813 2467 1947 2507 non
1984 2447 2372 2509 invenerant
2406 2467 2591 2508 mor-

543 2538 758 2612 tem,
791 2530 1252 2613 qui‘numerus
1290 2530 1542 2612 amplus
1578 2527 1739 2602 fuit,
1782 2527 2227 2590 trucidarunt:
2288 2530 2593 2613 palantes

620 2634 697 2675 er
735 2632 1002 2697 campos
1032 2630 1191 2677 exce
1241 2625 1472 2675 erunt:
1521 2624 1800 2693 quatuor
1836 2609 2146 2672 cohortes
2179 2630 2324 2671 eum
2361 2611 2596 2695 legato

555 2636 979 2780 {Varguntejo
1015 2694 1085 2754 in
1230 2693 1295 2755 le
1332 2691 1611 2778 quodam
1649 2690 2115 2765 conciderunt,
2158 2708 2432 2775 praeter
2462 2691 2595 2754 mi-

555 2777 724 2839 ·lites
771 2775 1045 2860 viginti3
1109 2774 1348 2858 quibus
1372 2817 1390 2847 ‚
1450 2792 1575 2858 per
1610 2772 1866 2836 medios
1908 2772 2121 2837 hostes
2162 2774 2400 2837 strictis
2440 2776 2587 2858 gla-

570 2858 1128 2927 diis.ruentibus‚
1187 2855 1622 2920 admiratione
1675 2855 1940 2920 virtutis
1994 2855 2318 2920 dederunt
2367 2858 2588 2933 viam,

547 2940 984 3025 ·Carrhasque
1019 2939 1377 3022 pervenire
1419 2938 1581 3023 pass'i
1615 2950 1787 3001 sunt.
2174 2946 2179 2959 '
2348 2938 2355 2945 '

240 3075 439 3131 Eodem
463 3083 517 3129 et
695 3073 804 3132 LI.
846 3074 1106 3133 Interea
1137 3070 1426 3133 Surenas
1445 3113 1464 3143 ‚
1510 3082 1583 3132 ut
1619 3068 1872 3132 certior
1903 3068 2155 3145 fieret‚·
2175 3070 2290 3133 ubi
2322 3073 2589 3136 Crafl'us

212 3144 476 3201 Summ-
547 3165 770 3238 ..atque
816 3154 1065 3219 camus
1112 3152 1352 3224 ess'ent,
1418 3151 1696 3215 Carrhas
1751 3151 1952 3216 mittit
2008 3169 2227 3216 certos
2275 3153 2589 3218 homines

543 3234 990 3313 :Osrhofiuoffi
1039 3235 1152 3319 qui
1186 3233 1266 3311 in¹
1286 3229 1509 3301 castris
1536 3234 1845 3297 Romanis
1872 3250 2220 3319 utrumque
2249 3257 2451 3320 saepe
2483 3237 2587 3298 vi-

549 3316 844 3392 derant,
867 3378 876 3387 ,
902 3337 1028 3381 una
1068 3337 1214 3381 cum
1247 3313 1528 3399 quodam
1555 3316 1826 3378 Latinae
1859 3318 1953 3378 lin
2004 3339 2122 3379 uae
2159 3318 2416 3401 perito,
2467 3319 2589 3402 qui

549 3400 897 3475 ;Surenam
927 3397 1216 3483 colloqui
1245 3396 1418 3460 velle
1451 3417 1598 3460 cum
1622 3398 1845 3463 Crass'o
1865 3441 1883 3472 ,
1974 3400 2238 3461 oederis
2284 3399 2588 3463 feriendi

571 3482 819 3552 causta,
865 3480 1141 3545 diceret.
1200 3482 1292 3540 Ita
1326 3479 1594 3563 cognito
1626 3479 1896 3545 Carrhis
1934 3502 2083 3544 eum
2117 3482 2270 3555 effe,
2309 3481 2586 3566 postero

546 3561 686 3631 ,die
730 3562 1017 3627 admovit
1056 3561 1419 3627 exercitum
1456 3560 1694 3636 muris,
1753 3562 2274 3626 internecionem
2321 3564 2587 3626 denun-

571 3643 758 3707 cians
788 3644 1111 3718 omnibus,
1157 3643 1287 3706 nisi
1314 3642 1600 3707 Crass'um
1632 3657 1825 3728 atque
1850 3646 2124 3708 Cass'ium
2155 3646 2417 3709 vinctos
2450 3661 2585 3709 tra-

553 3724 904 3798 „didiss'enu
986 3726 1076 3803 At
1105 3725 1240 3798 illi,
1285 3723 1593 3795 videntes
1615 3746 1699 3788 «se
1731 3725 2083 3811 deceptos,
2124 3728 2346 3791 necin
2385 3728 2585 3815 oppi-

574 3804 663 3866 do
704 3820 921 3882 tutos,
986 3820 1054 3869 et
1088 3807 1288 3892 longe
1319 3806 2058 3883 Armeniorum'auxilia
2088 3808 2281 3886 sore,
2343 3810 2585 3874 decre-

572 3902 814 3950 verunt
849 3889 1107 3974 fugere.

237 4002 468 4085 orium
484 4022 552 4077 ab
645 4058 656 4065 -
698 4020 835 4099 1411.
905 4018 981 4080 ld
1033 4016 1379 4085 consilium
1481 4010 1678 4105 quuni
1720 4020 2055 4087 enunciari
2095 4021 2586 4085 Carrhenorum

180 4092 552 4153 Aulum-⁶¹⁶⁰
575 4098 825 4166 nemini
858 4062 1587 4189 oportuiffet,·peh·1m<›
1626 4103 1913 4173 omnium
1947 4102 2583 4190 et·perfidiosimmo
