2717 4667
528 199 623 267 m
657 200 958 269 Locum
996 202 1157 265 Lm.
1194 199 1484 264 Lxxlx,
1526 195 1782 308 mvn„
2037 198 2128 281 οφ

167 342 439 357 ῳ*

158 412 282 496 poffe
295 456 313 487 ,
376 432 445 475 ut
461 455 481 487 ‚
525 411 885 494 appellatione
919 414 1115 475 civium
1149 412 1510 474 Romanorum
1546 410 1780 473 contenti
1795 450 1816 483 ‚
1859 427 1963 492 quo
1978 405 2120 484 jure
2174 407 2246 466 U.
2264 424 2316 462 o.
2336 405 2461 464 665.

163 516 346 579 quaque
385 495 700 557 conditione
731 494 963 555 Romani
995 498 1134 555 cives
1166 513 1387 578 agerent
1403 537 1421 568 ‚
1464 515 1570 556 non
1598 492 1948 575 requireretis
1962 487 1992 547 ?
2176 476 2330 534 A.c.
2348 477 2439 546 37·

273 578 436 644 XIV.
485 576 780 640 Nimirum
820 581 880 639 in
930 575 1060 638 roba
1108 575 1373 660 cupiditas
1401 574 1719 638 ‘dominandi
1757 592 1813 634 et
1846 571 2010 655 ficum
2043 570 2118 632 ad
2179 572 2242 624 u
2257 572 2425 638 ''eft'‘

170 657 353 720 lucrum
384 658 651 722 trahendi
696 675 869 741 rempt
917 657 1072 720 licam
1109 662 1189 723 ita
1231 662 1533 721 excaecavit
1564 661 1768 718 animos
1782 700 1803 733 ‚
1844 675 1909 715 ut
1943 653 2113 714 homi-
2139 640 2215 694 ’ὅ
2228 639 2434 760 614725·

170 761 281 815 nes,
334 761 519 802 cetera
550 761 658 805 non
681 737 1068 822 stupidtffimi,
1132 760 1339 804 tantam
1376 740 1509 802 hanc
1547 758 1757 820 tamque
1786 731 2116 820 singularem
2135 721 2383 833 23:⁸13
2400 738 2421 754 ⁶
2443 811 2468 830 s

168 827 428 884 ammutium
482 821 674 887 videre
714 843 874 903 atque
914 822 1304 904 deprehendere
1337 840 1618 903 nequeant.
1705 820 1891 902 Igitur
1917 817 2118 900 festivo
2180 861 2190 882 2
2386 814 2404 832 ⁶

151 903 267 988 sane
294 901 509 981 consilio
524 946 545 979 ‚
606 925 768 987 quum
797 903 1072 988 aliquanto
1094 904 1345 986 pluribus
1379 905 1578 966 darent
1604 905 1874 964 civitatem
1894 944 1911 974 ‚
1955 918 2120 982 quam

158 984 303 1067 effent
339 983 478 1067 ἱρῇ,
546 1007 581 1045 a
612 985 807 1068 quibus
846 986 1116 1063 dabatur,
1172 992 1404 1071 quinque
1450 1005 1507 1047 et
1538 989 1767 1068 triginta
1814 983 1990 1043 tribus
2020 1000 2118 1042 ve-

156 1073 253 1127 teri
287 1067 490 1150 populo
522 1068 744 1129 relictae
766 1066 940 1151 sient5
1003 1073 1201 1151 majori
1251 1071 1406 1156 longe
1440 1087 1658 1129 numero
1689 1065 1959 1129 hemissum
2001 1081 2118 1123 octo

153 1151 388 1211 videlicet
420 1149 745 1213 attributae.

260 1231 407 1298 XV.
454 1237 535 1293 At
566 1251 698 1293 vero
728 1235 853 1313 quis
888 1237 1054 1294 nescit
1076 1278 1093 1310 ‚
1134 1237 1217 1296 ita
1252 1250 1615 1315 comparatum
1644 1225 1744 1310 effe
1773 1229 1970 1291 Romae
1990 1268 2007 1300 ‚
2051 1245 2118 1285 ut
2182 1223 2441 1280 Trebam

150 1319 370 1374 maxima
405 1333 647 1396 quaeque
681 1317 891 1397 negotia
926 1316 1150 1378 tributis
1180 1320 1408 1378 comitiis
1436 1312 1813 1396 peragantur?
1855 1311 1965 1371 His
1997 1326 2112 1367 ma-
2137 1299 2460 1413 mmmmd‘!

145 1395 395 1477 gistratum
445 1415 710 1456 creantur
727 1439 746 1470 ‚
796 1399 897 1478 qui
931 1397 1132 1459 civibus
1171 1397 1415 1460 omnibus
1441 1391 1678 1477 praesint
1693 1414 1712 1453 .·
1766 1392 1851 1454 bis
1869 1390 2110 1473 fiiscun-
2129 1374 2364 1486 2123?
2368 1447 2392 1482 ι
2394 1376 2465 1481 :f
2466 1387 2492 1405 ‘'

151 1497 235 1537 tur
263 1476 405 1560 leges
422 1519 442 1552 ‚
514 1473 641 1559 ipsis
680 1498 783 1560 quo
854 1500 882 1537 e
913 1479 1310 1563 magistratibus
1344 1483 1742 1560 imperaturae.-
1782 1496 1876 1536 nec
1917 1472 2074 1534 aliud
2093 1514 2112 1545 ‚
2129 1500 2329 1573 9155st

149 1555 243 1639 nist
271 1578 372 1640 per
415 1558 516 1622 has
534 1602 554 1633 ‚
619 1560 696 1623 ad
742 1577 776 1640 p
799 1579 991 1642 eraque
1026 1561 1458 1644 sacerdotiorum
1509 1561 1619 1618 iter
1658 1556 1751 1636 cst.
1817 1555 2073 1636 postremo
2098 1594 2121 1630 ,
2157 1571 2163 1578 ·

229 1639 324 1702 bus
372 1640 448 1702 de
488 1640 805 1702 criminibus
853 1643 927 1702 ad
952 1642 1143 1725 populi
1163 1644 1442 1724 judicium
1478 1645 1600 1703 itur
1617 1677 1637 1712 ‚
1685 1638 1975 1721 stiffi-agiis
2001 1640 2114 1696 t'ri-

213 1742 296 1782 um
337 1721 643 1785 decidenda
680 1743 770 1782 res
802 1742 903 1786 est.
1003 1726 1113 1786 Vos
1148 1744 1327 1786 autem
1346 1766 1367 1798 ‚
1421 1723 1515 1784 hoc
1550 1719 1624 1798 est
1644 1761 1662 1793 ,
1704 1717 1955 1800 universa
1992 1717 2117 1778 haec

158 1802 413 1864 Italorum
473 1803 773 1866 multitudo
791 1846 809 1878 ,
866 1823 1063 1887 paucas
1109 1825 1165 1867 et
1218 1825 1491 1866 extremas
1534 1806 1594 1864 in
1632 1799 1809 1863 tribus
1855 1801 2079 1880 conjecti
2093 1840 2110 1872 ‚

160 1903 258 1946 tota
282 1889 399 1946 vita
428 1884 611 1962 vestra
638 1908 705 1945 ne
721 1884 892 1967 semel
954 1887 1132 1950 uidem
1162 1888 1236 1948 ad
1248 1886 1437 1971 suffia
1481 1890 1525 1945 'a
1550 1881 1886 1944 vocabimini.
1950 1881 2113 1965 ,Quo—
2167 1950 2174 1956 ,

159 1985 262 2024 rum
286 1969 466 2049 igitur
512 1965 783 2028 hominum
835 1973 894 2030 in
918 1909 1009 2032 {eis
1051 1965 1239 2047 cauffis
1257 2017 1278 2046 ‚
1332 1909 1527 2049 quibgzus
1559 1983 1674 2026 tota
1695 1971 1878 2048 ferme
1920 1980 2113 2044 respu-

154 2043 271 2107 blica
305 2050 622 2110 continetur
638 2091 657 2121 ‚
716 2048 898 2110 nullae
932 2069 1031 2111 aut
1063 2056 1153 2110 exi
1224 2070 1285 2112 ae
1308 2067 1499 2131 partes
1525 2047 1693 2130 sunt,
1737 2066 1826 2106 eos
1858 2042 2110 2130 vocabqu

151 2131 326 2192 civium
373 2127 651 2210 appellari
683 2130 817 2212 quid
854 2132 1029 2215 refert
1049 2174 1066 2206 ‚
1125 2070 1267 2212 [ῗῖιό
1300 2130 1543 2210 omnibus
1581 2131 1808 2212 negotiis
1836 2125 2065 2210 publicis
2085 2164 2104 2199 ‚

147 2208 280 2272 baud
300 2209 458 2288 secus
487 2230 652 2291 atque
785 2234 812 2270 e
847 2217 995 2284 riui,
1040 2202 1410 2274 abarcentur'?

255 2294 428 2355 XVI.
475 2292 631 2352 Haec
669 2230 912 2355 fudibgtia
951 2316 1045 2355 vos
1089 2299 1211 2377 pati
1261 2315 1370 2355 non
1410 2291 1553 2376 poffi‘
1571 2337 1590 2368 ‚
1621 2375 1635 2389 ο
1665 2296 1786 2374 quis
1834 2294 2103 2362 miretur,
2172 2294 2237 2351 ΙΙ
2267 2290 2412 2348 tuan·-

220 1645 228 1653 ι

146 2393 315 2455 quum.
336 2395 407 2433 ex
451 2374 727 2435 veteribus
750 2375 1025 2437 ‘Romanis
1044 2421 1061 2450 ‚
1123 2396 1389 2459 quotquot
1429 2382 1583 2458 aequi
1594 2375 1839 2456 justique
1868 2389 2106 2430 amantes
2132 2365 2318 2449 brim!
2336 2358 2483 2414 ”⁸¹⁴¹-

145 2474 196 2513 et
217 2459 365 2535 pacis
399 2456 931 2543 tranquillitatisque
951 2455 1186 2540 studiofi‘
1197 2458 1444 2541 fuerunt
1457 2500 1474 2532 ‚
1514 2459 1679 2539 serre
1716 2450 2106 2536 nequiverint?
2130 2447 2207 2489 “5
2243 2443 2414 2512 ’ΜΨ

146 2535 257 2596 Nec
288 2541 434 2598 enim
474 2558 571 2620 ego
609 2537 765 2620 Jblus
818 2539 983 2619 hujus
1029 2538 1231 2622 caussae
1274 2539 1400 2620 fiam
1436 2539 1713 2620 amplexus
1750 2537 2106 2616 aequitatem:
2132 2503 2401 2627 53ss22

143 2618 318 2679 multis
347 2638 407 2677 et
440 2640 663 2693 mecum,
708 2639 765 2680 et
788 2640 914 2681 ante
940 2644 1022 2682 me
1052 2622 1196 2683 idem
1205 2622 1486 2703 judicium
1511 2619 1663 2700 studi
1787 2638 1850 2677 ue
1864 2612 2009 2696 fuit.
2131 2636 2446 2710 displicuis-

250 2701 456 2766 xvll.
501 2700 611 2761 Sed
647 2701 747 2779 ista
781 2721 1104 2783 repetentem
1135 2707 1373 2765 animum
1408 2701 1629 2763 acerbus
1670 2702 1739 2761 do
1763 2720 1830 2760 or
1866 2715 2105 2780 occupat.
2130 2728 2187 2763 se
2231 2705 2400 2773 adfir-

147 2779 255 2842 Nec
300 2786 449 2842 enim
509 2782 584 2843 C.
624 2784 849 2858 Marii,
897 2786 968 2848 Ρ.
1000 2785 1225 2867 Sulpicii
1282 2784 1638 2846 miserabilem
1690 2782 1868 2866 casum
1959 2799 2109 2841 ueam
2129 2784 2267 2832 mat.
2316 2845 2331 2858 .
2368 2844 2381 2858 ·

132 2859 238 2941 fine
265 2863 532 2926 lacrumis
566 2885 626 2925 ac
657 2865 810 2926 luctu
838 2867 1157 2929 recordari:
1206 2886 1436 2948 quorum
1474 2866 1558 2930 hic
1594 2884 1627 2923 a
1664 2864 1895 2948 nefariis
1922 2804 2107 2924 {atro-
2167 2842 2405 2927 5⁸¹PstJ'3

146 2944 289 3008 nibus
335 2945 644 3007 crudeliter
692 2949 1015 3030 interfectus
1057 2948 1166 3027 est,-
1233 2947 1394 3012 illum
1411 2990 1430 3023 ,
1499 2946 1618 3029 pest
1662 2965 1748 3007 tot
1805 2944 2109 3028 consulatus
2127 2913 2420 3038 {zssz'z‘

136 3025 333 3106 summa
366 3025 555 3107 gloria
589 3028 793 3112 gestos,
855 3033 915 3092 in
945 3034 1112 3113 gravi
1148 3048 1204 3091 et
1241 3028 1474 3100 sollicito
1506 3023 1690 3109 exfilio
1707 3026 1984 3107 sterilium
2015 3031 2105 3086 in·
2119 3056 2241 3130 fif!-

137 3106 372 3189 sularum
404 3108 609 3187 'tristes
654 3109 893 3171 latebrae
942 3131 1154 3193 tegunt.
1237 3114 1319 3173 Et
1371 3114 1493 3194 quis
1542 3109 1718 3192 postea
1745 3126 2108 3191 'patronorum

148 3190 434 3268 vestrorum
469 3191 889 3254 incolumitatem
913 3194 1100 3275 speret
1117 3236 1138 3269 ‚
1195 3192 1289 3254 ubi
1324 3193 1399 3255 Ρ.
1434 3192 1730 3274 Sulpicium
1757 3190 1969 3274 summa
2006 3210 2107 3250 no-

149 3270 309 3331 bilitas
327 3315 345 3346 ,
393 3292 455 3333 et
490 3276 763 3355 ingenium
778 3317 799 3350 ‚
842 3294 897 3334 et
928 3273 1219 3335 tribunitia
1246 3274 1517 3356 potestas,-
1564 3275 1633 3336 C.
1665 3272 1924 3338 Marium
1959 3268 2105 3346 mul-

149 3353 361 3434 tiplicati
398 3353 630 3414 honores
647 3397 665 3428 ,
710 3352 1050 3437 ampliffimae
1086 3377 1175 3418 res
1214 3358 1387 3440 gestae
1402 3399 1423 3430 ,
1467 3355 1831 3437 triumphatus
1877 3351 2105 3435 Jugur7

149 3434 254 3504 tha,
293 3434 435 3495 urbs
468 3455 526 3496 et
560 3435 730 3496 Italia
759 3436 906 3498 haud
938 3436 1098 3499 dubie
1129 3437 1462 3520 conservata,
1505 3459 1613 3499 non
1634 3437 1994 3521 defenderunt
2016 3433 2047 3493 ἒ

241 3518 477 3583 XVIII.
527 3517 626 3596 Est
665 3537 840 3579 tamen
883 3512 1238 3601 quorumdam
1271 3525 1463 3581 animis
1502 3520 1628 3580 haec
1662 3522 1851 3578 innata
1873 3533 2104 3600 genero-
2167 3539 2333 3598 Su„
2345 3537 2460 3591 vir-

133 3592 282 3676 fitas,
324 3620 392 3662 ut
427 3600 660 3682 officium
697 3618 1027 3683 anteponant,
1038 3600 1345 3682 fictarum,-
1385 3622 1441 3664 et
1471 3606 1654 3662 vivere
1680 3621 1797 3662 cum
1827 3599 2102 3671 dedecore,
2129 3619 2292 3662 tuum
2305 3608 2487 3674 «sfor-

172 3701 280 3746 uam
313 3686 503 3762 perire
536 3699 639 3764 per
671 3691 936 3747 virtutem
954 3723 972 3755 ‚
1016 3682 1257 3745 acerbius
1284 3699 1495 3765 putent.
1578 3686 1669 3744 An
1705 3686 1854 3742 inter
1884 3680 1979 3741 bos
2007 3698 2101 3764 ego
2129 3689 2316 3730 Μία*
2331 3676 2452 3733 1⁶¹⁸·

186 3783 292 3822 cum
326 3783 390 3825 ac
422 3782 612 3824 nomen
643 3782 855 3828 merear
872 3806 891 3839 ,
935 3767 977 3823 ii
1018 3765 1266 3828 viderint
1281 3808 1300 3841 ,
1343 3785 1578 3849 quorum
1610 3761 1835 3846 cauffitm
1869 3782 1980 3823 tam
2012 3767 2101 3821 in-
2126 3746 2247 3808 ὅθ’·

133 3843 281 3923 msam
310 3845 503 3918 domi,
559 3844 994 3927 summorumque
1038 3847 1306 3909 hominum
1355 3866 1530 3907 morte
1576 3864 1674 3907 aut
1709 3840 1891 3932 exfilio
1929 3849 2105 3906 terri..

132 3921 276 3986 bilem
298 3969 318 4001 ,
361 3946 695 4010 nequaquam
735 3928 924 3989 timide
963 3948 1063 3989 aut
1091 3949 1405 3990 cunctanter
1431 3928 1782 4011 suscepimus.
1865 3929 1975 3994 Sed
2003 3948 2103 3987 ne,
2149 3988 2153 3993 ,

133 4024 219 4092 que
250 4012 423 4068 armis
464 4003 909 4089 adversariorum
946 4014 1144 4091 petiti,
1189 4008 1295 4091 nisi
1323 4030 1533 4071 tentata
1565 4008 1762 4073 'ultima
1793 4008 1880 4091 spe
1899 4050 1919 4085 ‚
1962 4007 2101 4068 reli-

117 4091 321 4172 quimus
358 4089 591 4170 urbm,-
633 4108 693 4156 et
729 4089 907 4179 postea
932 4096 1147 4161 minime
1183 4092 1557 4178 despondimus
1593 4095 1864 4175 mimum,
1906 4096 1967 4158 in
1999 4110 2096 4150 ne.

1704 4321 1717 4352 f
