2717 4667
503 220 590 281 IN
631 216 934 280 Loctm
976 215 1139 278 LIB.
1160 215 1576 281 Lxxxvm.
1604 217 1834 284 mvn.
2053 217 2175 300 239

175 425 273 507 fico
310 409 562 503 beneficio
579 426 718 505 fore
743 411 954 508 filiios.
1038 424 1398 499 SamniteS,
1459 440 1525 488 et
1565 425 1722 488 alias
1756 425 1998 511 ubique
2037 445 2173 487 om·
2238 422 2305 481 U.
2336 429 2530 496 c.67o.

182 528 294 569 nes
331 505 715 570 interficere
755 508 1008 580 solituS‚
1056 507 1232 591 quod
1264 522 1670 592 compertum
1702 508 1945 571 habere
1983 507 2176 571 dicti·
2232 497 2391 553 A·0·
2448 516 2500 554 ⁸·

184 590 386 662 tabat,
435 595 694 650 neminem
719 592 1016 651 Romanum
1034 632 1053 663 ,
1099 591 1348 650 incolumz
1382 596 1597 650 „samnio
1616 633 1636 664 ,
1679 611 1859 654 tutum
1893 612 1990 650 aut
2021 598 2176 672 quie-

185 692 291 731 tum
317 674 496 753 fore,
541 693 672 735 non
712 671 1032 734 dubitavit
1065 670 1146 731 ad
1180 692 1374 731 uuum
1416 692 1641 752 omnes
1671 672 1969 734 caedere.

297 780 597 844 xxxlv.
651 765 1223 840 Praenestinorum
1281 779 1497 861 primo
1559 780 1899 863 singulos,
1972 780 2177 841 causs'a
2234 787 2415 857 Ibique
2447 787 2520 842 ad

191 862 439 941 cognita
465 904 481 933 ‚
528 861 678 921 duci
720 863 1193 945 imperaverat:
1237 858 1476 922 deinde
1507 903 1523 935 ,
1562 862 1922 945 cognitioni
1961 883 2031 923 se
2066 883 2174 924 va·
2202 859 2380 939 mit-tia
2408 858 2541 939 luq-

188 960 326 1002 care
363 944 547 1026 poss'e
583 964 826 1027 negans
847 984 865 1014 ‚
911 941 1250 1003 universos
1274 980 1292 1014 ,
1336 961 1717 1027 quamquam
1746 945 2048 1028 plerique
2076 944 2176 1005 in-
2199 925 2364 979 *ιη’*
2394 927 2542 979 ‘¹⁶³¹'

183 1024 394 1085 sontes
439 1037 659 1102 erant,
718 1039 960 1085 armato
1009 1023 1218 1084 milite
1268 1024 1556 1099 cinctos,
1623 1027 1878 1109 sagittis
1916 1026 2174 1107 jaculis·
2193 997 2556 1130 ss'ssfmim'r‘

184 1127 304 1187 que
342 1105 628 1189 configi,
690 1120 799 1168 aut
832 1105 1090 1167 concidi
1129 1105 1363 1187 gladiis
1402 1110 1763 1192 praecepit.
1864 1109 1968 1170 Ad
2015 1109 2178 1169 duo·
2319 1098 2339 1117 ⁰

182 1188 390 1249 decim
428 1189 766 1249 hominum
800 1188 1005 1248 millia
1043 1186 1139 1248 sic
1176 1188 1610 1251 interierunt:
1672 1209 1946 1275 quorum
1988 1191 2181 1275 quin-

181 1291 306 1352 que
340 1270 550 1331 millia
584 1268 1039 1333 Praenestinos
1077 1269 1265 1330 fuiss'e
1308 1273 1617 1355 reperio:
1663 1277 1920 1352 (cetera
1961 1273 2181 1333 multi-

179 1352 332 1412 tudo
367 1353 791 1430 Samnitium,
855 1347 1129 1434 opinor,
1189 1351 1358 1428 fuit)
1410 1353 1523 1414 uni
1572 1369 1856 1428 tantum,
1901 1371 2183 1439 quocum

181 1433 275 1495 illi
308 1434 412 1513 jus
449 1432 716 1518 hospitii
749 1436 985 1507 fuerat,
1031 1433 1475 1497 incolumitate
1500 1426 1812 1499 concess'a.
1860 1457 2048 1520 quam
2066 1437 2181 1498 ille

178 1514 468 1606 fortiter,
496 1517 875 1600 aspernatus
898 1559 917 1589 ‚
978 1536 1146 1595 neque
1187 1527 1247 1594 je
1289 1518 1524 1595 salutem
1560 1525 1775 1597 patriae
1800 1520 1932 1597 sime
1969 1519 2183 1598 publico

177 1595 426 1675 carmfict
461 1598 773 1658 debiturum
803 1596 1026 1660 dicens
1049 1638 1066 1670 ‚
1110 1596 1564 1659 immiscuit‘se
1602 1599 1858 1663 civibus
1895 1600 2029 1661 suis
2052 1643 2068 1672 ,
2116 1612 2183 1660 et

176 1680 351 1743 inter
396 1700 515 1741 eos
558 1679 810 1741 occisus
854 1678 961 1741 est.
1046 1679 1438 1741 Mulier-ibus
1475 1695 1718 1744 tantum
1756 1697 1822 1746 et
1855 1682 2181 1765 impuberi

177 1762 386 1823 aetati.
429 1764 735 1846 pepercit
789 1761 1004 1833 Sulla,
1073 1760 1326 1821 crudeli
1384 1762 1872 1835 misericordia,
1947 1784 2178 1849 quum,

178 1844 416 1928 quIbus
463 1844 864 1906 concess'erat
904 1844 1140 1913 vitam,
1190 1844 1358 1905 vitae
1403 1843 1553 1905 usus
1597 1845 1947 1908 ademisset.
2023 1850 2185 1907 Nam

180 1926 494 2009 oppidum
546 1927 744 2022 longe
792 1926 1165 1987 ditissimum
1209 1946 1287 1987 ea
1327 1924 1700 2012 tempestate
1744 1928 2056 2013 diripuit:
2113 1949 2179 1989 a-

185 2028 364 2090 grum
405 2008 787 2092 publicavit.

309 2115 581 2175 XXXV.
640 2117 785 2176 Jam
836 2114 1009 2177 enim
1054 2114 1284 2177 desitis
1333 2113 1478 2176 fere
1528 2113 1931 2199 singulorum
1966 2111 2178 2173 homi·
2223 2110 2557 2193 Moffrct'vt'tae-

172 2216 326 2255 num
365 2196 643 2279 poenis,
709 2198 1062 2281 municipia
1123 2197 1546 2281 coloniasque
1600 2214 1666 2259 et
1717 2197 2014 2259 civitates
2072 2195 2282 2254 in·m
2310 2195 2555 2249 mugras

174 2290 398 2359 tegras
432 2278 815 2352 mulctabat,
860 2280 1128 2341 aliarum
1161 2280 1419 2341 arcibus
1457 2279 1880 2341 moenibusve
1919 2277 2176 2346 dirutis,
2203 2252 2435 2372 ''22¹2“
2456 2268 2550 2321 μ’·

175 2361 326 2420 aliis
382 2361 570 2441 gravi
623 2358 960 2424 exactione
1015 2362 1375 2445 oppressis:
1447 2362 1759 2445 quaedam
1815 2362 2008 2421 etiam
2059 2359 2177 2420 sub
2289 2336 2351 2390 θ’
2384 2355 2402 2373 ‘

171 2440 345 2502 hasta
385 2443 771 2516 venierunt,
815 2444 1184 2516 Florentia,
1234 2444 1619 2527 Spoletium,
1663 2447 2044 2514 Interamna,
2090 2454 2179 2515 et,

173 2523 260 2584 de
298 2545 433 2606 quo
469 2525 666 2584 multa
696 2525 820 2605 jam
851 2525 1153 2599 diximus,
1197 2523 1567 2587 Praeneste.
1641 2526 1862 2587 Sulmo
1894 2541 2177 2607 quoque,

171 2605 354 2666 Latii
395 2619 581 2665 vetus
623 2622 686 2669 et
725 2608 966 2677 clarum
1011 2608 1361 2693 oppidum,
1424 2601 1802 2708 priusquam
1855 2625 2181 2688 expugna-

170 2700 313 2747 tum
358 2687 536 2759 esset,
584 2687 942 2750 damnatum
983 2690 1287 2773 diruique
1322 2689 1582 2771 julium,
1648 2711 1792 2751 cum
1827 2686 1972 2748 aliis
2009 2687 2181 2767 ejus-

174 2768 334 2829 dem
368 2771 664 2852 regionis
700 2772 996 2855 oppidis»,
1042 2773 1120 2834 ab
1155 2773 1287 2834 illis
1318 2771 1724 2856 temporibus
1752 2769 2133 2833 ess'edesiit.

295 2871 824 2946 XXXVLHaec
867 2880 1078 2938 omnia
1108 2882 1383 2941 Romani
1421 2881 1752 2963 sociique,
1799 2898 1921 2940 nec
1951 2879 2175 2938 imme·
2222 2870 2572 2949 &tombam-

169 2959 351 3031 l'itos
418 2960 872 3041 patiebantur,
937 2960 1241 3046 pristinae
1302 2963 1558 3023 virtutis
1611 2960 2175 3045 simplicitatisque
2199 2963 2361 3066 {uam
2396 2965 2553 3017 '’⁸⁶'’
2650 3023 2655 3028 .

172 3041 599 3120 desertores3
657 3062 857 3125 quos»,
915 3045 1169 3105 etiamsi
1207 3044 1473 3128 indigna
1512 3058 1924 3128 paterentur,
1977 3043 2175 3104 meri·
2210 3033 2263 3096 ,⁶
2289 3028 2522 3084 tyranno

168 3137 276 3185 tos
340 3124 601 3185 diceres
657 3126 763 3184 vel
819 3126 1007 3198 ideo,
1083 3125 1233 3208 quia
1284 3127 1420 3209 pati
1476 3139 1850 3209 potuerunt.
1946 3129 2175 3206 Neque
2199 3085 2561 3222 ξζὲἶξὲἷωᾰο

170 3209 355 3268 enim
400 3228 669 3291 usquam
713 3229 786 3268 ea
825 3222 955 3268 tem
1007 3205 1198 3268 estate
1243 3208 1596 3291 generosus
1642 3209 1754 3269 ille
1793 3207 2019 3291 populi
2042 3211 2206 3268 tto-t

168 3290 349 3350 mani
396 3288 715 3372 spiritus,
774 3303 839 3350 et
886 3231 1085 3350 rebus
1133 3291 1430 3351 omnibus
1479 3289 1808 3373 antiquior
1851 3289 2176 3352 libertatis

115 3383 120 3394 ⁸
166 3393 389 3445 amor,
433 3384 894 3454 praeterquam
943 3374 1011 3432 in
1050 3373 1292 3454 puerili
1326 3374 1589 3434 Catonis
1632 3373 1869 3443 animo,
1914 3369 2179 3431 resedit.

163 3455 264 3527 Is,
318 3474 560 3513 annum
597 3474 796 3534 agens
839 3468 1132 3537 quartum
1173 3453 1529 3527 decimum,
1571 3475 1606 3513 a
1636 3452 2015 3536 paedagogo
2046 3451 2182 3511 fre-

162 3551 459 3618 quenter
511 3536 828 3595 salutandi
868 3536 1088 3598 Sullae
1138 3537 1343 3600 cauffa
1400 3537 1660 3597 domurn
1710 3536 1848 3614 ejus
1898 3533 2180 3595 deduce-

153 3615 396 3680 batur':
467 3639 659 3701 quem
704 3618 817 3678 ille
857 3617 1178 3678 honorem
1226 3617 1623 3679 admiffionis
1673 3617 1984 3679 exhibere
2022 3636 2181 3699 pau-

231 3776 392 3845 Cap.
431 3774 689 3827 XXXIII.
745 3772 998 3840 Strabo,
1035 3774 1078 3828 l.
1113 3776 1165 3830 5.
1204 3792 1268 3846 p.
1301 3778 1423 3844 249.
1516 3774 1662 3845 Cap.
1709 3772 1967 3828 XXXIV.
2022 3770 2179 3824 Plut.

151 3843 432 3916 Appian.
473 3845 688 3897 Lucan.
725 3862 777 3906 ι,
815 3846 932 3913 ¹93·
969 3843 1097 3898 Liv.
1133 3844 1286 3915 Epit.
1329 3845 1458 3899 Val.
1481 3844 1632 3897 Max.
1677 3843 1829 3896 Plut.
1870 3840 2000 3895 Val.
2025 3841 2180 3894 Max.

149 3916 319 3968 Plut.
380 3912 583 3978 Sulla,
633 3922 692 3966 et
736 3913 1047 3983 Praecept.
1097 3914 1267 3985 Reip.
1310 3912 1637 3985 gerendae,
1678 3930 1731 3965 c.
1765 3914 1854 3965 51.
1919 3908 2177 3981 Appian.

150 3981 426 4049 Straho,
467 3982 508 4036 l.
543 3986 596 4037 5.
637 4002 697 4055 p.
731 3983 851 4050 ²39.
942 3985 1085 4055 Gap.
1127 3985 1354 4041 XXXV.
1410 3983 1575 4036 Flor.
1632 3979 1874 4049 Dionys.
1910 3977 1951 4031 l.
1986 3984 2039 4036 5.
2076 3978 2180 4031 fin.

144 4052 419 4125 Appiani.
477 4051 642 4104 Flor.
697 4051 936 4118 Plin.3‚
973 4057 1026 4110 5.
1078 4052 1242 4108 Flor.
1328 4052 1475 4125 Cap.
1523 4050 1783 4107 xxxvl.
1839 4047 1994 4126 Plut.
2049 4046 2179 4102 Cat.

151 4125 309 4181 um.
345 4140 397 4178 c.
428 4124 484 4181 5.
527 4131 587 4176 et
622 4120 756 4179 val.
789 4123 945 4178 Max.
978 4124 1035 4189 3,
1075 4138 1125 4180 ι.
1147 4203 1166 4218 ·
