2717 4667
625 338 668 400 a
742 353 747 356 v
782 336 1346 440 FaEmSHEMn
1371 331 2196 414 SUPPLEMENTORUM
2219 299 2369 396 nui.
2385 334 2518 395 Χῖ..

392 566 443 601 c.
472 549 596 607 663.
625 546 835 629 passus
870 545 1131 606 omnino
1166 545 1676 629 quadringentos
1705 540 1899 604 eastra
1934 565 2045 604 sua
2069 544 2577 629 Sullanisoppo-

395 619 464 674 G·
491 619 584 691 39·
625 643 834 691 neret.
895 619 1088 697 Sulla,
1140 649 1520 710 quamquam
1560 646 1852 707 magnam
1891 645 2152 685 suorum
2184 640 2432 710 partem
2461 649 2576 711 pa-

574 719 579 734 ¹
625 708 911 770 bulatum
965 710 1303 781 emiserat,
1369 708 1760 771 contumelia
1817 704 2203 780 stimulatus,
2279 709 2577 791 protinus

625 791 706 852 ad
730 788 939 852 hostes
961 790 1165 852 movit
1189 791 1405 875 signa:
1462 791 1580 852 sed
1612 809 1882 856 numero
1907 787 2117 851 vietus
2150 804 2281 851 tum
2319 790 2581 872 quidem

521 917 531 922 -
624 874 695 934 in
735 892 843 933 sua
884 870 1080 934 castra
1122 894 1193 935 se
1235 873 1508 955 recepit.
1613 874 1916 933 Ceterum
1937 877 1965 942 ‚*
2019 872 2130 932 ubi
2165 873 2577 954 pabulatores

622 967 1080 1028 reverterunt,
1144 954 1501 1037 adsumptis
1541 953 1674 1014 illis
1716 949 2083 1014 Cluentium
2132 953 2346 1016 denuo
2387 956 2578 1022 ador-

623 1051 762 1112 tus»,
808 1057 1034 1119 magna
1077 1057 1222 1099 eum
1266 1037 1464 1098 caede
1507 1034 1906 1119 profligavit.
2053 1042 2061 1048 ’

468 407 489 434 l

291 541 356 600 U.

286 616 357 670 A.

321 1230 512 1286 Suum
546 1251 596 1285 ο,
743 1197 853 1261 1V.
905 1198 1265 1272 Cluentius,
1308 1198 1503 1260 motis
1529 1198 1594 1257 in
1622 1185 2095 1259 mediterranea
2118 1195 2356 1272 castris',
2383 1221 2582 1283 quum

260 1303 594 1355 rapinam,
624 1274 914 1365 ingentia
963 1281 1043 1342 acl
1092 1302 1236 1341 eum
1283 1282 1618 1344 Gallorum
1670 1278 1913 1339 auxilia*
1953 1280 2303 1352 veniss'ent‚
2365 1282 2581 1344 animo

196 1361 205 1380 ¹
261 1371 413 1424 lites.
622 1383 777 1424 rece
829 1377 894 1423 to
917 1406 933 1434 ‚
980 1363 1058 1423 ad
1085 1364 1439 1446 Pompeios
1467 1362 1713 1424 iterum
1745 1360 1964 1432 duxit,
2011 1361 2067 1421 si
2101 1363 2431 1450 pugnandi
2465 1384 2581 1427 eo..

619 1445 729 1528 pia
813 1459 991 1515 eret,
1048 1444 1220 1505 haud
1273 1445 1749 1506 detrectaturus
1802 1456 2150 1504 certamen.
2230 1444 2326 1506 lbi
2366 1446 2580 1520 Sulla,

623 1547 754 1609 quo
785 1528 1149 1610 paratiores
1185 1528 1266 1587 ad
1305 1525 1628 1609 proelium
1670 1524 1910 1588 milites
1947 1524 2253 1600 haberet,
2314 1526 2382 1587 in
2428 1547 2584 1588 con-

624 1607 879 1670 cionem
931 1627 1167 1670 vocare
1211 1609 1450 1689 inssiz„
1490 1607 1579 1668 ita
1623 1606 1878 1688 eoepit=
1956 1608 2115 1681 Non,
2161 1617 2585 1688 ut‚'‚tamquam

620 1690 888 1770 adversus
928 1709 1123 1749 novum
1159 1690 1350 1768 hostem
1366 1731 1389 1769 ,⁹
1438 1709 1572 1768 quae
1603 1685 1735 1764 fieri
1775 1687 1935 1746 velim
1960 1729 1979 1760 ,
2024 1689 2333 1750 admoneam
2350 1731 2367 1762 ,
2415 1710 2585 1769 neque

622 1790 688 1830 ut
733 1774 998 1831 virtutem
1037 1790 1276 1830 vestram
1317 1769 1498 1831 verbis
1537 1766 1871 1845 exstimulem
1894 1810 1909 1840 ‚
1955 1768 2222 1830 vobiscum
2264 1790 2423 1852 agere
2453 1791 2583 1830 con-

609 1850 775 1930 stitui
798 1894 815 1925 ,
861 1850 1082 1911 milites.
1144 1856 1367 1933 pariter
1406 1852 1546 1928 enim
1585 1868 1641 1909 et
1682 1847 1989 1929 obsequium
2031 1851 2267 1927 vestrum
2308 1850 2437 1910 mihi
2451 1849 2468 1923 ⁶,
2527 1870 2590 1913 et.

624 1937 859 1994 animum
896 1938 1221 2013 praeteritis
1255 1930 1482 2014 proeliis
1522 1929 1873 2011 approbastis.
1927 1932 2045 2004 sed,
2091 1937 2217 2013 quia
2258 1937 2420 1992 toties
2450 1933 2584 2015 pul-

625 2034 718 2074 sus
741 2013 914 2094 hostis
934 2012 1132 2073 ‘denuo
1172 2014 1296 2074 haec
1335 2018 1490 2095 signa
1532 2032 1587 2071 et
1617 2011 1710 2071 hos
1744 2010 1932 2070 vultus
1962 2015 2172 2074 intueri
2203 2014 2446 2095 sustinet,
2486 2014 2586 2074 hoe

624 2114 842 2170 tantum
883 2116 916 2153 a
958 2094 1109 2155 nobis
1151 2097 1381 2156 dedecus
1431 2092 1648 2155 amoliri
1689 2112 1965 2153 conantem
2006 2114 2073 2155 ut
2111 2095 2390 2177 adjuvetis
2410 2137 2429 2170 ‚
2493 2117 2587 2157 co-

624 2175 922 2239 hortandos
967 2176 1290 2255 existimavi.

350 2358 572 2428 Indigno
750 2342 835 2403 V·
901 2341 1019 2403 Cur
1060 2343 1200 2400 enim
1242 2342 1527 2401 victoriam
1555 2340 1801 2420 nostram
1840 2345 1902 2402 in
1942 2340 2059 2401 ullo
2100 2344 2277 2421 pretio
2310 2343 2581 2420 portianus,

267 2429 401 2493 firi,
417 2430 604 2491 hostem
632 2431 681 2487 si
723 2424 926 2486 cladem
966 2442 1117 2483 suam
1158 2443 1265 2482 non
1303 2421 1466 2501 senfit
1500 2422 1707 2501 hostis?
1761 2443 1860 2484 aut
1898 2442 2153 2505 quorsum
2191 2415 2431 2482 tollimus
2462 2426 2586 2481 ani.

276 2499 475 2550 vicium
508 2500 604 2547 θ’·
634 2530 745 2568 mos·
763 2549 784 2581 ‚
825 2511 874 2567 si
915 2504 1010 2565 ille
1053 2503 1288 2564 nondum
1330 2504 1596 2564 demisit?
1642 2508 1883 2567 Prorsus
1923 2504 2294 2584 extorquenda
2342 2500 2589 2584 confeffio

280 2577 604 2700 {zm-saxa·
634 2590 707 2670 est
723 2633 743 2663 ,
801 2608 869 2674 ut
906 2593 1075 2648 victos
1117 2608 1172 2645 se
1200 2586 1500 2667 fateantur
1518 2628 1539 2659 ,
1596 2608 1726 2668 quos
1768 2586 2084 2667 repulimus.
2192 2587 2280 2646 Ea
2331 2588 2592 2644 nimirum

283 2717 403 2755 m„
420 2666 575 2755 hm]
636 2693 723 2731 res
766 2691 885 2731 «non
938 2669 1012 2727 ad
1062 2687 1254 2727 novam
1296 2686 1512 2727 tantum
1554 2669 1946 2750 adquirendam
1985 2667 2199 2726 laudem
2216 2708 2235 2739 ,
2293 2666 2389 2727 sed
2428 2670 2592 2725 etiam

636 2754 711 2814 ad
738 2749 1098 2824 retinendam,
1141 2767 1300 2829 quam
1327 2754 1664 2828 paravimus,
1710 2751 2044 2812 vehementer
2064 2755 2328 2828 pertinet.
2371 2746 2592 2830 Qam-

638 2836 736 2896 diu
779 2838 839 2894 in
879 2835 1052 2893 vicino
1084 2829 1257 2907 castra
1299 2830 1586 2893 Cluentius
1619 2831 1829 2893 habebit
1843 2873 1860 2903 ‚
1907 2834 2027 2912 quis
2065 2831 2250 2891 credet
2288 2852 2383 2890 nos
2423 2831 2593 2898 vicis-

614 2917 738 2984 ,se?
782 2935 886 2996 quo
921 2932 1170 2984 auctore,
1215 2931 1310 2973 aut
1359 2910 1491 2973 mihi
1534 2930 1778 2994 speratos
1797 2913 2062 2997 statiores,
2103 2931 2202 2973 aut
2240 2910 2390 2974 vobis
2425 2911 2596 2991 digna

328 3035 414 3087 Ita
469 3051 615 3091 „em
640 2997 821 3060 labore
852 2995 1027 3075 vestro
1048 2998 1291 3074 praemia
1304 3057 1309 3061 ,
1322 3014 1540 3054 senatus
1570 2994 1862 3056 decernet?
1898 2995 2145 3054 Fortuna
2166 2998 2412 3076 partium
2435 3010 2597 3051 utra.

298 3103 363 3156 110
361 3055 516 3171 stig„
565 3098 866 3161 „sumque
901 3073 1303 3156 comparabitur
1318 3118 1336 3149 ‚
1382 3093 1437 3134 et
1478 3077 1813 3136 tantumdem
1851 3076 2010 3156 hostis
2030 3118 2049 3149 ,
2094 3085 2353 3156 quantum
2392 3075 2596 3134 Roma-

298 3173 544 3241 ipsorum
642 3182 743 3222 nus
763 3203 782 3234 ,
827 3161 1050 3240 adversi
1126 3157 1435 3239 rasperique
1475 3162 1713 3217 rumoris
1754 3157 1989 3240 auferet.
2064 3156 2248 3219 Simili
2285 3157 2498 3218 timoris
2534 3175 2601 3215 ac

297 3244 508 3298 laudm
527 3245 615 3313 fo·
642 3244 897 3304 audaciae
935 3245 1043 3303 vici
1083 3239 1298 3316 itudine
1338 3258 1569 3321 uterque
1609 3243 1879 3300 exercitus
1922 3258 1978 3300 et
2005 3237 2209 3324 fiagiffe
2248 3238 2439 3318 hostem
2456 3278 2475 3309 ‚
2542 3256 2603 3297 et

291 3328 379 3374 Π·
534 3399 543 3408 ¹
642 3321 888 3408 repetiffe
930 3325 1169 3385 dicetur.

767 3487 881 3552 vl.
927 3485 1047 3546 Hoc
1078 3485 1254 3567 igitur
1286 3485 1355 3546 de
1388 3483 1540 3547 uobis
1561 3483 1786 3566 senatus
1810 3481 2142 3567 populusque
2160 3485 2430 3546 Romanus
2450 3503 2600 3543 nun-

646 3575 786 3632 cium
807 3613 824 3644 ‚
886 3571 1034 3628 inter
1079 3567 1311 3627 aliorum
1369 3571 1702 3629 exercituum
1756 3571 2012 3628 victorias
2067 3587 2121 3626 et
2161 3565 2598 3647 gratulationes.

644 3655 887 3733 accipiet,
933 3669 999 3712 ut
1038 3648 1215 3712 ubivis
1257 3650 1495 3710 locorum
1519 3670 1624 3709 .res
1651 3649 1895 3708 Romana
1934 3648 2080 3709 haud
2122 3649 2281 3709 dubie
2321 3650 2606 3728 superior,

645 3733 728 3793 hic
769 3745 983 3796 tantum
1023 3731 1248 3811 ancipiti
1291 3732 1493 3792 Marte
1546 3732 1766 3791 dicatur
1808 3730 2111 3791 dimicare?
2179 3728 2311 3814 ‚Qua
2352 3733 2491 3788 enim
2540 3751 2606 3788 re

644 3814 936 3895 inferiores
976 3815 1102 3876 aliis
1142 3831 1345 3887 sumus,
1391 3832 1458 3872 ut
1492 3817 1769 3894 patienter
1798 3812 2049 3896 feramus
2077 3813 2193 3895 post
2225 3832 2403 3871 omnes
2431 3810 2605 3870 collo·

644 3896 810 3958 cari?
874 3896 1154 3957 Numerus
1174 3935 1193 3968 ‚
1236 3915 1391 3955 arma
1412 3936 1429 3968 ,
1475 3898 1650 3975 copiae
1668 3936 1686 3966 ‚
1732 3893 1926 3955 lacerti
1942 3936 1961 3967 ‚
2005 3915 2112 3955 non
2150 3894 2275 3954 aliis
2312 3896 2371 3952 in
2409 3891 2607 3970 castris

647 3977 894 4040 meliora.
981 3979 1131 4040 Nam
1148 4020 1168 4052 ‚
1212 3996 1279 4038 ut
1328 3978 1397 4037 de
1438 3976 1587 4037 nobis
1628 3975 1853 4036 ducibus
1890 3974 2030 4036 nihil
2069 3975 2242 4042 dicam
2260 4018 2278 4049 ,
2337 3978 2445 4033 nisi
2480 3973 2609 4055 post

649 4063 849 4144 viginti
876 4058 1060 4142 ferme
1099 4079 1267 4119 annos
1302 4058 1544 4120 omnibus
1562 4100 1579 4132 ,
1620 4056 1904 4137 Africanis
1922 4100 1941 4132 ‚
1994 4059 2188 4118 deinde
2232 4056 2464 4118 Gallicis
2508 4075 2606 4115 at.

651 4161 753 4223 que
786 4139 1075 4203 Cimbricis
1111 4140 1266 4202 bellis
1285 4184 1304 4216 ‚
1363 4140 1621 4222 postremo
1660 4144 1720 4199 in
1760 4139 1957 4201 Cilicia
1995 4160 2052 4202 et
2089 4139 2425 4222 Cappadocia
2443 4179 2462 4211 ‚
2523 4141 2610 4200 sic

653 4221 754 4306 effi
784 4227 1048 4308 cognitos,
1092 4243 1157 4285 ut
1190 4241 1478 4309 numquam
1514 4239 1704 4310 operae
1736 4220 1950 4302 nostrae
1980 4218 2283 4310 confiliique
2316 4238 2415 4286 aut
2451 4241 2609 4284 retn-

964 4462 990 4479 Ο
