2717 4667
422 239 543 328 ⁹³54
619 235 1182 298 FREINSHEMH
1198 195 2037 333 'sUrPLEMENToRU‘M
2056 225 2202 289 Lm.
2225 231 2388 299 mv.

102 446 175 501 U.
196 461 247 497 e.
267 444 393 512 670.
422 438 715 524 Qirites,
760 458 853 517 ego
877 432 1045 514 jussi.
1105 435 1369 496 dimittite
1400 434 1658 495 hominem
1693 439 1980 504 dictatori,-
2014 446 2237 524 imperio
2272 440 2414 522 obs}-

101 515 410 574 A·C·82··
459 523 668 580 uutum.
758 516 1032 581 Addidit
1081 515 1319 579 deinde
1372 518 1800 585 atrocissimae
1851 524 2416 612 interpretationis

418 543 740 666 ffabulamt
800 599 1075 679 Rusticum
1107 620 1139 657 a
1172 600 1435 680 pediculis
1473 602 1704 681 morsiam
1727 645 1743 675 ,
1789 625 1953 687 quum
1978 609 2149 691 fimel
2181 612 2414 666 iterum·
2455 611 2464 630 ‘

422 706 525 767 que
561 683 856 744 interulam
882 681 1186 765 purgaffit,
1247 682 1498 754 tandem,
1551 703 1616 742 ne
1635 683 1855 767 fizepius
1882 694 2131 751 interruit
2142 706 2261 749 tere
2289 703 2421 768 opus

422 785 738 849 cogeretur,
785 783 1003 825 exutam
1046 783 1163 840 cum
1199 760 1324 844 ipfis
1358 766 1670 824 vermiculis
1705 767 1937 851 injeciffl’
1974 778 2032 831 in
2073 775 2268 853 ignem.
2344 769 2394 830 Ε
2398 785 2424 827 t

424 870 515 931 ego
532 889 549 920 ‚
604 844 818 931 inquit
835 888 852 922 ,
910 850 1137 905 monitos
1165 845 1285 904 volo
1313 847 1482 905 victos
1500 885 1517 918 ‚
1562 867 1625 905 ne
1658 841 1896 909 'tertim‘n
1937 851 2258 922 insanientes
2291 866 2423 929 opus

421 930 667 989 incendio
719 928 965 988 habeant.
1049 927 1141 988 Ita
1194 924 1501 1021 depulso,
1563 948 1753 1012 quern
1802 932 2226 994 certiss'imum
2270 951 2424 994 con,

422 1008 628 1074 sulem
662 1007 826 1072 fore‘
854 1028 1079 1070 omnes
1118 1006 1534 1071 crediderant
1555 1052 1570 1080 ,
1615 1013 1705 1071 M.
1739 1012 1993 1076 Tullius
2030 1018 2115 1077 M.
2143 1016 2212 1075 F.
2241 1016 2319 1082 Α.
2343 1017 2431 1075 N.

420 1094 693 1166 Deeula,
744 1093 860 1153 Cn.
894 1090 1237 1153 Cornelius
1265 1089 1602 1153 Dolabella
1638 1093 1864 1167 creati,
1909 1115 2148 1157 nomen
2173 1095 2424 1167 verius,

472 1196 614 1235 uam
663 1172 1082 1257 dignitatem,
1152 1170 1514 1233 consulatus
1580 1176 1994 1261 acceperunt.
2098 1181 2260 1239 Nam
2311 1194 2428 1239 eos

425 1198 749 1328 dictator,
813 1253 1049 1338 viginti
1093 1268 1370 1346 quatuor
1414 1253 1758 1318 lictoribus
1807 1273 1874 1320 et
1911 1278 2138 1341 magna
2180 1259 2434 1322 satelli-'

430 1356 565 1403 tum
599 1334 1098 1421 turba-stipatus,
1142 1332 1453 1421 potestate
1497 1338 1688 1422 plane
1734 1340 1915 1424 regia
1955 1339 2426 1426 praeminebat.

79 1472 152 1531 U·
193 1490 245 1530 ⁰·
279 1473 405 1539 ⁶7¹·
554 1482 698 1547 XV.
765 1481 959 1550 Initio
1019 1481 1161 1562 ejus
1214 1479 1368 1545 anni
1416 1483 1490 1544 L.
1532 1484 1878 1547 Cornelius
1919 1485 2095 1549 Sulla
2151 1484 2433 1549 dictator

75 1543 390 1667 &ig-1²13?
437 1566 520 1630 de
557 1565 943 1637 Mithridate
999 1585 1158 1648 rege
1213 1565 1611 1650 triumphum
1670 1568 1871 1629 duxit.
1955 1572 2028 1630 In
2086 1588 2217 1652 quo
2244 1566 2434 1629 ‘'illufl

58 1627 409 1738 Cn'cgrssgss
437 1646 849 1711 laudabiliter
889 1648 967 1709 ab
1010 1667 1091 1708 eo
1125 1648 1400 1721 factum,
1447 1647 1623 1732 quod
1656 1668 1870 1732 neque
1907 1649 2312 1738 triumphare
2349 1650 2443 1727 de⁴
2488 1713 2493 1720 ,

57 1720 308 1806 lioboff.
439 1729 692 1796 civibus
745 1731 992 1805 voluit,
1057 1750 1440 1816 quamquam
1494 1728 1870 1815 ingentibus
1930 1754 2158 1798 eorum
2218 1755 2297 1795 co
2350 1732 2434 1794 iis

97 1818 412 1899 Triumphys
436 1810 808 1899 prostratis;
855 1825 955 1887 et,
1001 1833 1196 1896 quum
1230 1813 1427 1890 Asiae
1469 1814 1915 1897 Graeciaeque
1957 1814 2188 1879 multas
2233 1754 2436 1877 urllms

52 1890 118 1943 δ’
157 1889 387 1978 MM'J‘·
435 1894 934 1968 transveheret,
969 1895 1216 1955 nullum
1255 1892 1494 1957 civi-um
1530 1897 1967 1959 Romanorum
2008 1896 2319 1995 oppidum
2364 1898 2434 1957 in

56 1960 203 2041 d‘m:
296 2019 342 2075 7.
372 2020 386 2036 .
440 1998 515 2040 ea
548 1995 781 2063 pompa
822 1973 1104 2061 spectari
1138 1977 1349 2061 pass'us
1381 1974 1487 2041 est.
1571 1979 1875 2038 Ceterum
1907 1980 2287 2063 magmfieus
2321 2002 2436 2063 ap-

58 2028 252 2147 μξῙῖἷ
292 2038 411 2146 ng:
434 2073 662 2144 paratu
720 2056 1123 2142 ferculisque
1179 2057 1542 2141 triumphus
1590 2058 1750 2133 fuit,
1821 2077 2016 2143 quum
2060 2063 2234 2124 inter
2274 2082 2437 2143 opu-

57 2114 416 2233 gnfficapom.
438 2137 769 2204 lentiss’imi
806 2141 983 2223 regis
1020 2139 1228 2224 spolia
1264 2160 1374 2203 res
1412 2140 1734 2223 pretiosae
1763 2143 2030 2228 visuque
2071 2163 2254 2205 rarae
2293 2143 2437 2203 lon-

52 2250 152 2303 pa.
440 2229 549 2308 go*
579 2223 812 2284 ordine
855 2235 1300 2306 portarentur.
1387 2222 1519 2284 Sed
1555 2224 1734 2285 nullo
1771 2224 2014 2304 majore
2055 2238 2438 2290 ornamento

440 2302 745 2368 illustrata
771 2313 1010 2389 pompa
1045 2302 1165 2377 est,
1215 2323 1404 2389 quam
1441 2303 1617 2387 quod
1649 2319 1860 2367 tantus
1897 2307 2442 2372 nobiliffimorum

438 2386 740 2449 virorum.
776 2406 1119 2457 numerus,
1164 2407 1327 2472 quos
1365 2408 1398 2446 a
1429 2386 1718 2448 Mariana
1758 2387 2042 2451 factione
2075 2390 2294 2475 pulsos
2329 2408 2439 2450 re·
2520 2466 2522 2469 y

445 2469 749 2544 duxerat,
779 2468 865 2538 ,in
902 2489 937 2531 e
987 2469 1088 2530 uis
1130 2488 1392 2530 currum
1429 2467 1567 2548 ejus
1606 2470 2067 2553 sequebantur,
2100 2472 2444 2553 servatorem

444 2571 499 2612 et
542 2570 754 2633 patrem
801 2571 964 2636 appe
996 2552 1235 2614 lantes:
1298 2550 1404 2611 cui
1449 2565 1781 2634 acceptum
1821 2551 2233 2627 referebant,
2294 2551 2442 2633 quod
2546 2576 2550 2580 <

444 2636 698 2717 adspectu
733 2642 977 2716 patriae,
1024 2633 1168 2713 quod
1201 2630 1479 2712 complexu
1514 2628 1900 2710 cariffimomm
1930 2638 2250 2716 pignorum,
2295 2630 2444 2715 quod

445 2718 675 2795 denique
710 2719 971 2774 communi
1008 2714 1107 2772 illa
1142 2714 1258 2773 luce
1278 2715 1640 2796 frueremur.
1723 2714 1938 2776 Biduo
1981 2716 2440 2801 triumphavit,

443 2811 590 2860 ante
648 2792 821 2857 diem
878 2810 1173 2879 quartum
1226 2809 1292 2857 et
1346 2794 1614 2857 tertium
1658 2789 1977 2858 Kalendas
2023 2796 2443 2859 FebruariaS.

442 2879 651 2963 prima
698 2879 807 2940 die
857 2875 1185 2939 transtulit
1231 2873 1375 2938 auri
1413 2876 1631 2961 pondo
1669 2876 2044 2960 quindecim
2081 2877 2313 2951 millia,
2379 2890 2447 2940 et

367 2985 372 2986 ff
443 2958 699 3043 argenti
746 2959 967 3044 pondo
1008 2974 1265 3020 centum
1311 2971 1379 3020 et
1416 2959 1791 3042 quindecim
1827 2957 2064 3022 millia:
2127 2959 2445 3044 postridie

442 3042 765 3106 tredecim
823 3042 1025 3103 millia
1079 3040 1299 3125 pondo
1356 3041 1532 3114 auri,
1595 3062 1756 3125 quae
1809 3041 2027 3123 junior
2068 3045 2315 3104 Marius
2365 3063 2453 3103 ex

446 3124 849 3207 Capitolinae
887 3123 1066 3185 aedis
1105 3121 1412 3184 incendio
1435 3163 1452 3196 ,
1498 3123 1871 3209 ceterisque
1907 3119 2200 3188 delubris
2236 3123 2451 3203 omni-

444 3206 564 3267 bus
608 3203 950 3268 Praeneste
989 3204 1347 3276 detulerat,
1408 3224 1571 3288 quae
1618 3217 1682 3266 et
1727 3206 1845 3267 sub
1887 3225 1967 3268 eo
2005 3205 2196 3276 titulo
2236 3220 2447 3267 trans-

444 3288 570 3348 lata
617 3303 799 3362 sunt,
865 3300 931 3349 et
987 3310 1058 3349 ar
1108 3287 1242 3361 enti
1301 3300 1552 3369 septem
1605 3285 1809 3348 millia
1863 3287 2109 3372 pondo.
2200 3289 2448 3349 Exacto

448 3368 777 3454 triumpho
800 3409 817 3444 ,
884 3370 967 3432 de
1005 3307 1204 3430 reqms
1240 3368 1375 3429 suis
1411 3387 1534 3451 pro
1571 3370 1889 3431 concione
1924 3365 2252 3443 differuit,
2313 3387 2449 3438 nen

447 3450 660 3513 minus
696 3452 1050 3537 diligenter
1081 3470 1434 3525 enarrans„
1482 3470 1644 3537 quae
1681 3450 2004 3524 feliciter,
2054 3472 2242 3536 quam
2283 3471 2448 3536 quae

450 3534 721 3598 fortiter
758 3535 1051 3597 feciss'et:
1117 3551 1279 3614 eaque
1311 3533 1380 3591 de
1413 3531 1587 3611 cauffo
1622 3550 1847 3615 aequum
1884 3534 2064 3593 videri
2100 3533 2298 3609 dixit,
2344 3554 2443 3606 ut,

449 3618 595 3697 quod
626 3637 1025 3692 cognomentum
1065 3636 1243 3674 recens
1276 3612 1578 3693 ‘adfiiverat
1595 3653 1612 3687 ‚
1656 3617 1722 3674 ab
1756 3615 1999 3675 omnibus
2031 3615 2192 3675 Felix
2226 3634 2447 3675 vocare·
2508 3681 2517 3690 Ι

429 3717 570 3760 ταν.
658 3695 791 3762 Sed
836 3697 915 3760 ad
960 3699 1251 3760 Graecos
1298 3692 1597 3757 scribens
1636 3695 2072 3776 Epaphroditum
2115 3718 2186 3758 se
2227 3696 2448 3781 appel-

450 3779 682 3841 labatz·
727 3781 1112 3866 positaeque
1159 3790 1307 3841 sunt
1352 3776 1453 3838 illi
1501 3795 1644 3839 cum
1685 3775 1829 3841 hac.
1847 3777 2280 3865 inscriptione
2323 3792 2447 3841 sta-

450 3877 621 3925 tuae.

527 4069 678 4137 Cap..
702 4064 831 4119 XV.
867 4064 1019 4119 Plut.
1059 4063 1191 4119 Val.
1224 4063 1376 4117 Max.
1411 4079 1466 4131 α,
1493 4060 1548 4117 8.
1583 4059 1738 4116 Plut.
1774 4060 1922 4116 Fasti
1949 4058 2142 4133 Capit.
2182 4053 2442 4123 Plin.33‚

458 4154 507 4193 ι.
546 4135 699 4192 Plut.
738 4137 963 4191 Auctor
997 4133 1068 4189 de
1100 4133 1243 4190 viris
1275 4131 1481 4190 illustr.
1513 4131 1575 4187 in
1605 4131 1747 4189 Sull.
1779 4129 2036 4206 Appian.
2074 4128 2228 4184 Plut.
