2717 4667
473 216 562 279 m
600 210 899 314 Locum
945 187 1108 293 Lm.
1147 214 1495 306 Lxxm.
1539 215 1764 285 mvn.
2003 231 2128 301 ,οφ

67 473 70 502 *⁴
170 423 231 483 ad
274 443 405 484 aras
458 422 710 485 occisus
751 423 1073 505 »sanguine
1135 439 1252 483 suo
1311 419 1720 483 simulacrum
1771 422 2123 508 respersitz
2184 424 2256 481 U.

67 505 70 536 f
170 519 226 565 ut
256 506 432 565 inane
471 525 748 578 numen,
809 519 875 565 et
913 506 981 564 in
1020 518 1190 567 tanta
1236 502 1497 564 infamia
1536 501 1807 585 pudoris
1846 526 2122 588 expers,
2162 493 2255 548 Ἀ·

67 643 68 650 ,
170 605 368 647 cruore
421 586 651 648 saltem
692 585 1024 648 indefensi
1063 586 1320 647 clientis
1361 585 1797 648 erubesceret.
1883 591 1942 648 A
1981 590 2120 649 suis

176 668 392 747 quidem
436 668 801 729 cultoribus
838 668 926 726 ita
961 675 1396 746 contemptum
1425 663 1548 735 est,
1592 677 1664 723 ut
1697 687 1819 747 per
1855 686 1970 725 eos
2004 670 2126 728 mi·-
2282 699 2291 728 ι

176 746 311 805 nime
354 742 639 817 steterit,
702 764 830 827 quo
864 748 1112 817 minus,
1173 744 1238 804 in
1283 744 1449 825 ipsis
1498 731 1941 825 penetralibus
1993 767 2127 808 ma..

176 840 369 898 status,
418 826 890 909 sempiternum
922 826 1104 886 illum
1131 822 1499 885 horrendae
1533 826 1876 909 religionis
1909 828 1931 887 i
1978 849 2127 891 nem

67 913 68 916 ’
174 910 448 989 sanguine
506 927 623 968 suo
673 904 1121 991 restingueret,
1222 910 1319 969 Ne
1370 926 1452 967 ue
1502 907 1764 968 satiatus
1817 927 1930 971 cae
1979 909 2125 973 ibus

164 1003 417 1071 praetor,
467 988 539 1047 ni
568 988 919 1049 ludibrium
949 988 1138 1050 etiam
1164 988 1361 1048 crude
1390 988 1530 1050 itati
1553 987 1898 1069 adjeciss'et‚
1937 1006 2120 1053 trun-

163 1089 283 1130 cum
320 1069 637 1131 Carbonis
693 1089 930 1152 corpus
984 1069 1273 1153 patibulo
1319 1065 1596 1129 adfixum
1642 1070 2118 1155 circumgestari

158 1149 337 1231 justit:
379 1166 751 1213 ceterorum
791 1171 1050 1236 quoque
1087 1171 1363 1233 corpora
1397 1171 1519 1234 per
1551 1152 1916 1217 carnificem
1947 1165 2116 1216 unco

156 1244 370 1306 tracta,
433 1247 626 1317 atque·
670 1235 739 1293 in
787 1253 1036 1296 amnem
1079 1232 1323 1313 abjecta
1367 1246 1533 1294 sunt.
1635 1235 1811 1297 Uxor
1860 1234 2115 1297 Antistii
2171 1233 2494 1318 cqlpflrm’ffo

158 1314 517 1406 Calpurnia,
561 1312 813 1376 Bestiae
854 1312 1019 1388 filia,
1065 1312 1391 1410 quumde
1431 1313 1576 1377 casu
1615 1316 1831 1378 mariti
1871 1336 2113 1401 cogno·
2139 1319 2301 1354 occaso
2320 1321 2493 1356 ''¹⁶⁷’'

157 1395 353 1469 visset,
397 1396 616 1480 gladio
661 1396 1065 1481 semetipsam
1107 1396 1460 1458 interemit.
2132 1372 2515 1505 ἱζὲᾖὲῗὲξῖζῇ

258 1519 389 1582 Vn.
445 1519 619 1579 Dum
659 1518 740 1579 'ad
781 1519 950 1582 hunc
994 1519 1255 1582 modum
1297 1519 1479 1583 ltalia
1519 1529 1866 1605 ceteraque
1903 1521 2118 1582 Euro-

153 1619 259 1740 Riae
310 1599 635 1661 bellorum
690 1601 999 1663 violentia
1054 1603 1539 1676 inhorrescunt,
1601 1604 1818 1665 Asiam
1864 1602 2114 1676 denuc,

215 1681 508 1742 ithridate
544 1681 799 1745 irritato
820 1724 838 1756 ‚
883 1686 958 1745 L.
984 1688 1253 1755 Murena
1286 1684 1623 1747 concuffit.
1704 1687 1801 1755 Is,
1847 1684 2119 1746 relictus

160 1784 188 1822 a
213 1762 374 1823 Sulla
417 1781 567 1836 cum
602 1763 994 1827 Fimbrianis
1030 1765 1403 1850 legionibus
1425 1809 1442 1841 ,
1504 1780 1574 1828 ut
1600 1765 1821 1828 Asiam
1860 1764 2120 1828 ordina-

160 1857 276 1917 ret,
313 1844 632 1929 triumphi
669 1846 1020 1941 cupiditate
1059 1848 1217 1910 belli
1250 1848 1531 1911 novandi
1569 1848 1807 1909 cauffas
1843 1847 2120 1909 circum-

165 1923 466 2007 spiciebat.
550 1926 960 1991 Mithridates
982 1972 998 2005 ‚
1047 1930 1114 1998 in
1152 1931 1435 2014 patrium
1472 1946 1744 2013 regnum
1779 1929 2115 2005 reversus,

159 2002 366 2070 benum
401 2008 667 2070 Colchis
705 2023 893 2093 atque
922 2011 1314 2097 Bosporanis
1345 2011 1655 2084 faciebat,
1704 2010 1817 2096 qui
1842 2012 2119 2074 Romani

152 2084 287 2149 belli
317 2104 621 2173 tempore
658 2090 733 2151 ab
770 2093 1049 2176 imperio
1088 2094 1224 2175 ejus
1266 2092 1664 2156 defecerant.
1732 2094 1958 2154 Colchi
1989 2094 2115 2154 Mi-
2177 2075 2475 2163 Wtsrtdae-

149 2168 478 2232 thridatem
520 2168 723 2232 filium
766 2193 841 2234 re
889 2175 983 2247 is,
1030 2196 1174 2237 eum
1212 2175 1393 2255 cujus
1429 2174 1734 2237 adversus
1762 2175 2115 2236 Fimbriam
2137 2150 2404 2269 2‘5fi13‘m'
2419 2152 2501 2202 ‘³⁸'

183 2253 459 2313 raeclara
495 2251 751 2315 tametsi
783 2195 1014 2316 inffelix
1047 2278 1247 2342 opera
1276 2257 1510 2330 fuerat,
1557 2275 1782 2338 regem
1805 2255 2114 2340 deposce·
2164 2218 2359 2283 σὴψ

253 2345 312 2394 t:
359 2334 631 2418 votique
664 2351 998 2419 compotes
1028 2337 1183 2401 facti
1220 2336 1423 2401 statim
1454 2357 1628 2398 arma
1660 2335 2110 2420 deposuerant.

67 2459 68 2462 η
140 2413 306 2509 Ergo
337 2415 791 2490 Mithridates,
853 2417 1116 2503 ingenio
1155 2436 1220 2484 et
1257 2419 1497 2506 peritia
1531 2439 1752 2480 rerum
1781 2418 2108 2502 suspicax,

140 2491 248 2554 fi1i1
279 2498 591 2580 profecto
628 2497 844 2560 astutia
880 2503 1302 2564 rebellionem
1342 2522 1483 2563 eam
1515 2514 1806 2584 coeptam
1835 2499 2111 2561 arbitra-

138 2587 262 2651 tus,
324 2600 458 2662 quo
502 2579 628 2640 sibi
664 2601 937 2664 regnum
965 2584 1352 2646 Colchorum
1395 2594 1850 2666 extorqueret,
1914 2580 1993 2641 ad
2035 2602 2110 2644 se
2144 2655 2153 2670 .

141 2659 404 2721 comiter
445 2674 740 2723 vocatum
785 2666 1205 2747 compedibus
1245 2665 1460 2727 aureis
1498 2664 1734 2735 vinxit,
1791 2676 1859 2726 et
1892 2664 2163 2747 paullo*

141 2738 259 2879 ἓξὲξ
296 2743 676 2805 interfecit:
736 2745 1294 2809 minime‘recenti
1338 2745 1759 2808 humanarum
1800 2746 2114 2807 mentium

66 2827 70 2834 '
217 2824 543 2897 emtione,
602 2838 673 2887 ut
707 2847 876 2887 nunc
911 2827 1268 2891 liberorum
1310 2827 1513 2890 cauffa
1549 2839 1859 2911 quaerant
1885 2846 2110 2912 regna,

139 2919 288 2965 nunc
326 2925 689 2987 regnorum
730 2909 938 2974 causs'a.
967 2909 1264 2973 occidant
1289 2911 1562 2972 liberos.

238 3010 417 3072 Vm.
460 3014 533 3072 In
552 3015 969 3097 Bosporanos
1003 3015 1241 3090 deinde
1267 3016 1429 3079 adeo
1459 3034 1748 3098 magnam
1779 3012 2114 3098 copiarum

136 3093 517 3175 naviumque
558 3097 824 3180 collegit
866 3099 1342 3160 multitudinem
1366 3143 1383 3173 ,
1439 3111 1510 3159 ut
1549 3098 1848 3181 plerique
1887 3109 2113 3156 contra

135 3172 455 3236 Romanos
511 3176 714 3259 magis
760 3178 920 3241 haec
971 3179 1183 3241 omnia
1221 3193 1440 3265 parata
1478 3178 2110 3262 interpretarentur,

351 3277 523 3339 quos
564 3256 676 3319 ille
714 3261 967 3322 volebat
1003 3261 1337 3323 invasurus
1373 3261 1605 3326 videri.
1693 3258 2111 3341 Suspiciones

137 3334 357 3399 horum
404 3336 575 3399 haud
613 3362 839 3423 parum
879 3363 1142 3406 movere
1181 3343 1604 3420 credebatur,
1650 3340 1824 3425 quod
1852 3337 2111 3401 Mithri·
2192 3391 2203 3402 .

135 3414 301 3482 dates
346 3420 783 3482 Ariobarzani
826 3424 1294 3508 Cappadociam
1337 3427 1425 3488 ita
1466 3421 1865 3498 restituerat,
1912 3431 1982 3481 ut
2018 3433 2114 3482 ta·-

130 3518 268 3559 men
313 3502 468 3563 loca
512 3501 756 3588 aliquot
800 3521 1164 3589 opportuna
1202 3522 1339 3569 tum
1378 3527 1636 3592 quoque
1677 3503 2014 3566 retineret.

239 3605 355 3668 lx.
411 3610 479 3667 ln
523 3606 1095 3692 hac‘aegritudine
1140 3613 1497 3675 animorum
1542 3632 1736 3697 quum
1778 3607 1858 3670 ad
1896 3607 2116 3670 Mure·-
2175 3593 2487 3654 lyddam

129 3705 266 3747 nam
301 3690 666 3752 Archelaus
710 3709 852 3753 cum
886 3715 1091 3757 uxore
1131 3709 1197 3759 et
1221 3694 1462 3790 ‘liberis
1496 3691 1899 3780 perfugiss'et,
1952 3689 2115 3752 “3⁴3⁰
2141 3669 2503 3807 :ffrsse‘g'xam

131 3934 164 3990 d
187 3874 343 3958 Cap.
373 3877 492 3958 VI..
519 3874 569 3930 A
613 3866 796 3948 pianff
817 3876 944 3960 laiv.
981 3876 1140 3951 Epit.
1173 3878 1334 3934 Flor.
1375 3877 1497 3934 cic.
1532 3875 1604 3932 de
1635 3875 1739 3933 Or.
1772 3876 1829 3944 3,
1862 3873 1915 3934 3.
1969 3873 2127 3966 Aug.

132 3943 612 4091 οἶξξΪᾈξῖιῑᾎιιῖ
642 3943 2124 4097 ²3.1P¹3{³.;3¹‘32p‘.'{¹<¹113⁴13,⁰?.¹3·{iamsiMffi:

133 4078 304 4135 thrnd.
396 4086 539 4156 Cap.
570 4084 669 4137 lx.
710 4083 882 4138 Oros.
908 4085 960 4148 6,
997 4103 1048 4139 α.
1100 4086 1236 4156 Dio,
1278 4087 1317 4141 l.
1350 4087 1443 4158 39.
1912 4097 1915 4098 ⁷

192 4163 674 4243 Supplem.1.iv.
707 4167 878 4228 rom.
901 4169 1091 4229 xm.
1408 4254 1415 4261 ι
1658 4154 1722 4230 Ο
