2717 4667
583 208 712 327 ‘706
770 246 1204 344 ramum.
1226 240 2553 335 SUPPLEMENTORUMan.Lxx111.
2603 263 2610 269 ·
2707 276 2709 293 γ

250 458 314 512 U.
341 473 394 512 c.
423 452 550 524 7⁰⁸1.
592 479 761 523 mum
784 500 800 533 ,
844 457 991 536 lege
1028 454 1150 537 jam
1187 457 1257 516 in
1298 476 1411 517 aes
1447 448 1674 529 incisa,
1723 465 1791 515 et
1828 453 1897 512 in
1934 453 2258 524 aerarium
2301 453 2590 528 condita,

244 526 318 582 A·
353 525 421 580 C·
460 528 550 582 5¹·
593 544 970 603 correxerat
1006 557 1323 600 errorem.
1404 570 1413 585 ι
1918 556 1921 561 ·

270 657 549 735 cauma,
713 662 947 729 XXXI.
993 665 1152 722 Item
1183 657 1534 722 Marcellus
1569 657 1652 720 de
1684 658 1947 722 civitate
1969 655 2586 722 Novocomensibus

208 751 410 803 adimit
440 750 543 802 No·
590 744 927 806 adimenda
952 738 1196 814 retulit,
1229 744 1414 824 quam
1440 741 1759 804 coloniam
1780 740 2123 825 rogatione
2142 739 2410 805 Vatinia
2430 738 2588 801 Cae·

208 820 526 879 noemam.
591 850 696 890 sar
719 808 1094 895 deduxerat,
1115 845 1235 907 per
1257 823 1673 885 ambitionem
1698 837 1763 884 et
1787 823 1953 885 ultra
1976 822 2461 905 praescriptum
2480 820 2585 880 da-

206 889 333 967 5'2‘5·
586 925 712 972 tam
761 901 1093 969 caull'atus.
1178 906 1431 967 Donata
1480 919 1693 966 autem
1741 903 1886 985 jure
1931 904 2102 964 Latii
2151 908 2413 973 Novum
2464 903 2585 963 Co·

309 1000 322 1010 ‘
584 1012 758 1052 mum
806 988 1059 1051 colonia
1103 985 1358 1048 fuerat:
1424 1007 1551 1072 quo
1604 985 1748 1067 jure
1799 1006 1963 1069 quae
2012 999 2197 1047 erant
2244 984 2585 1058 coloniae,

585 1074 652 1134 in
697 1072 781 1133 iis
822 1068 932 1155 qui
968 1067 1399 1152 magistratum
1438 1068 1711 1137 annuum
1750 1067 2066 1163 gess'illet,
2113 1087 2193 1129 eo
2231 1067 2384 1150 ipso
2422 1066 2583 1127 civi-

582 1164 779 1217 tatem
839 1152 1112 1236 adeptus
1163 1150 1516 1229 Romanam
1579 1148 2091 1231 intelligebatur.
2188 1148 2418 1209 Talem
2468 1147 2586 1209 ali-

586 1258 776 1322 quem
814 1234 1164 1297 Marcellus
1203 1245 1428 1295 nactus
1467 1230 1674 1313 virgis
1714 1229 1992 1308 cecidit3
2057 1251 2180 1324 qua
2208 1250 2422 1313 poena
2448 1231 2585 1290 Ro-

580 1340 725 1381 mae
761 1318 926 1381 civis
958 1318 1287 1378 Romanus
1327 1315 1545 1377 nullus
1579 1308 2039 1376 adficiebatur:
2080 1311 2392 1396 Jussitque
2418 1312 2585 1395 *Cae-

587 1401 716 1473 sari
757 1399 1009 1465 vibices
1048 1394 1408 1461 ostendere.

271 1521 517 1606 Puppi?
710 1526 970 1589 ΧΧΧΙΙ.
1015 1525 1195 1587 Haec
1231 1523 1449 1606 agenti
1488 1524 1839 1598 Marcello,
1888 1530 2132 1586 summa
2176 1541 2303 1606 ope
2342 1518 2585 1583 Caesar

206 1595 558 1659 ’mamam‘
586 1628 709 1691 per
761 1604 1058 1667 addictos
1119 1605 1247 1667 sibi
1299 1605 1600 1668 tribunos
1652 1607 1867 1690 plebis
1922 1620 1986 1668 et
2032 1607 2181 1668 Ser.
2219 1605 2585 1688 Sulpicium

207 1673 525 1784 asni-3:2⁰
588 1690 906 1775 collegam
942 1687 1240 1749 Marcelli
1277 1685 1639 1750 resistebat.
1698 1707 1912 1771 neque
1951 1687 2285 1772 plerisque
2322 1700 2583 1748 eetero-

133 1810 138 1815 -
450 1797 454 1800 ’
495 1762 513 1782 ⁰
586 1792 732 1832 rum
764 1769 1195 1854 probabatur,
1254 1768 1484 1842 alicui,
1543 1771 1925 1853 priusquam
1975 1781 2228 1853 tempus
2278 1770 2433 1853 lege
2475 1767 2584 1828 da-

584 1866 722 1914 tum
762 1852 1020 1920 exisset,
1059 1851 1471 1935 'provinciam
1502 1850 1771 1912 auferri.
1859 1849 1993 1912 Sed
2027 1864 2094 1912 et
2123 1852 2268 1933 ipse
2297 1853 2582 1934 Pompe·

516 1939 522 1947 '
581 1932 720 2015 jus,
766 1933 910 2016 qui,
958 1932 1254 1994 simulato
1296 1933 1376 1992 ad
1413 1933 1887 2016 Hispanienses
1933 1933 2260 1994 exercitus
2304 1931 2583 2004 itinere,

583 2029 796 2077 tamen
846 2016 912 2074 in
963 2015 1140 2075 Italia
1188 2013 1597 2087 substiterat,
1656 2014 1723 2074 in
1781 2014 2007 2075 eadem
2065 2014 2393 2077 sententia
2443 2013 2576 2075 luit.

585 2097 760 2157 Clam
803 2110 1013 2157 tamen
1053 2095 1333 2157 intendit
1370 2094 1674 2169 animum,
1722 2108 1793 2156 ut
1822 2109 2181 2163 exarmaret
2210 2094 2574 2166 Caesarem,

585 2191 653 2239 et
691 2176 931 2250 statim,
990 2189 1181 2259 atque
1231 2178 1522 2263 elapsum
1568 2177 1836 2260 imperii
1882 2191 2138 2266 tempus
2179 2177 2405 2250 foret,
2450 2178 2583 2261 pri·
2692 2169 2707 2177 ⁶

584 2273 801 2323 vatum
836 2259 905 2319 in
945 2258 1174 2320 urbem
1219 2259 1443 2322 redire
1491 2271 1799 2343 cogeret„
1833 2259 2014 2322 (Hoc
2055 2273 2125 2320 ut
2169 2257 2439 2320 facilius
2480 2257 2591 2319 atl-

581 2355 981 2438 ,sequeretur
1004 2384 1019 2412 ‚
1051 2341 1143 2402 C.
1180 2340 1559 2402 Marcellum
1581 2383 1598 2414 ,
1643 2342 1915 2401 fratrem
1950 2341 2312 2425 patruelem
2354 2340 2585 2412 Marci,

590 2444 701 2507 qui
746 2424 1136 2484 simultatem
1176 2423 1449 2505 gerebat
1485 2439 1629 2484 eum
1659 2424 1961 2492 Caesare,
2008 2423 2340 2484 consulem
2391 2422 2587 2484 feeit:

220 2512 564 2582 caranum.
591 2504 940 2588 Gaiumque
983 2505 1368 2577 Curionem,
1431 2504 1500 2564 in
1526 2504 1751 2564 'locum
1784 2503 2037 2577 Servii,
2098 2505 2209 2588 qui
2249 2505 2587 2564 damnatus

167 2594 559 2663 ‘nusptebisde-
638 2586 726 2647 ost
761 2585 1277 2669 ‘designationem
1308 2586 1561 2655 fuerat,
1604 2599 1972 2667 petentem,
2016 2598 2089 2647 ut
2111 2586 2417 2648 tribunus
2445 2585 2588 2681 ple-

194 2666 475 2736 demtus·
517 2720 526 2731 t
586 2608 692 2730 gis
747 2680 1123 2739 crearetur,
1187 2666 1452 2745 adjuvit.
1534 2668 1899 2727 Plurimum
1941 2666 2115 2727 enim
2156 2666 2479 2750 praesidii
2520 2667 2589 2726 iu

588 2770 671 2811 eo
709 2749 1026 2834 ponebat,
1092 2748 1148 2809 si
1189 2749 1575 2809 adolescens
1613 2748 1889 2827 nobilis,
1948 2746 2275 2821 disertus,
2332 2747 2584 2823 audax,

586 2831 1058 2893 inimiciss'imus
1097 2831 1384 2903 Caesari,
1431 2828 1770 2891 tribunitia
1807 2826 2116 2913 potestate
2155 2843 2547 2892 armaretur.

714 2954 1002 3014 xxxm.
1050 2955 1228 3014 Inter
1281 2952 1443 3015 haec
1498 2951 1736 3015 erebro
1788 2953 2063 3016 relatum
2112 2952 2193 3014 de
2235 2952 2475 3015 Galliis
2521 2962 2587 3015 et

634 3037 878 3098 raviter
921 3049 1133 3096 actum
1169 3033 1408 3096 fuerat.
1485 3040 1631 3096 ante
1678 3036 1852 3096 diem
1894 3035 2305 3097 undecimum
2347 3034 2587 3095 Ralen-

585 3056 700 3179 fias
752 3116 1075 3187 SextileS,
1139 3137 1334 3198 quum
1384 3129 1650 3177 senatus
1700 3118 1778 3198 ad
1822 3117 2150 3200 Apollinis
2204 3116 2585 3190 haberetur,

589 3199 879 3281 effetque
920 3197 1164 3258 mentio
1202 3198 1370 3259 facta
1412 3196 1494 3261 de
1531 3198 1829 3280 legione,
1877 3219 2064 3281 quam
2097 3197 2359 3259 Caesari
2389 3199 2589 3258 Pom-

587 3277 779 3365 peius
832 3298 1177 3363 expensam
1220 3277 1514 3361 ferebat,
1582 3280 1872 3364 itemque
1920 3279 2013 3361 ‘de
2062 3278 2463 3341 suc'cess'ione
2512 3281 2585 3341 C.

589 3362 890 3424 Caesaris
915 3403 932 3434 ,
989 3363 1149 3423 Pom
1186 3359 1342 3439 'eius
1386 3362 1766 3444 respondit,
1829 3361 2254 3423 abducturum
2295 3379 2445 3422 sese
2486 3362 2590 3422 le-

589 3441 852 3529 gionem
899 3462 1073 3504 eam:
1180 3462 1215 3503 e
1255 3442 1616 3525 provinciis
1656 3438 1938 3526 placu'it,
1996 3456 2068 3504 ut
2109 3442 2587 3538 quamprimum

587 3524 670 3586 ad
713 3522 940 3585 urbem
969 3522 1322 3605 Pompeius
1369 3522 1856 3597 reverteretur,
1922 3523 2318 3603 (Ariminum
2356 3523 2588 3607 profe·

586 3619 812 3667 eturus
850 3605 928 3666 ad
968 3606 1322 3667 exercitum
1360 3608 1530 3685 erat)
1573 3626 1783 3689 eoque
1820 3618 2168 3689 praesente
2203 3604 2287 3667 de
2319 3625 2589 3668 succes·

584 3687 774 3749 sione
831 3687 1320 3771 provinciarum
1378 3700 1706 3770 ageretur.
1790 3686 2150 3751 Intervenit
2198 3685 2438 3750 deinde
2484 3688 2587 3768 ju-

199 3904 228 3927 s
651 3871 797 3946 Cap.
833 3872 1041 3927 XXXI.
1096 3871 1348 3940 Strabo,
1385 3872 1427 3928 l.
1460 3873 1514 3930 5.
1547 3893 1609 3947 p.
1639 3876 1759 3932 213.
1815 3836 2063 3931 Sueten.
2114 3872 2370 3948 Appian.
2421 3853 2585 3932 Plut.

583 3940 751 3995 Gaea.
826 3943 970 4011 Cap.
997 3941 1227 3996 xxxu.
1271 3943 1517 3998 Sueten.
1553 3955 1610 3996 et
1628 3944 1763 3998 Dio.
1803 3944 1940 3999 Dio.
1979 3942 2237 4016 Appian.
2278 3942 2418 3998 Dio.
2458 3945 2589 4016 Ap.

628 4010 745 4061 ian.
802 4009 1047 4063 Sueten.
1098 4010 1266 4065 Caes,
1304 4029 1357 4064 c.
1393 4029 1478 4082 ²9·
1532 4012 1669 4065 Dio.
1725 4014 1846 4069 Cic.
1879 4012 1955 4067 ad
1983 4016 2142 4067 Fam.
2174 4011 2249 4082 8,
2283 4016 2337 4080 4.
2427 4014 2580 4086 Cap.

639 4078 847 4133 xxm.
886 4078 1047 4139 Vell,
1077 4094 1139 4141 2,
1172 4080 1259 4144 48.
1303 4079 1445 4133 Dio.
1485 4080 1742 4153 Appian.
1801 4081 1926 4141 Cic.
1963 4082 2038 4139 ad
2067 4084 2232 4147 Fam.
2262 4082 2323 4151 Β,
2360 4082 2419 4140 8.
2492 4083 2584 4140 ld.

584 4144 735 4202 ibid.
770 4151 828 4219 4.
876 4145 1033 4203 Plut.
1071 4145 1283 4222 Pomp.
1320 4159 1384 4207 et
1412 4150 1583 4208 Caes.
