2717 4667
584 234 674 302 IN
723 229 1017 298 Locum
1050 232 1211 298 Lm.
1249 206 1475 294 κως.
1510 232 1737 298 mvn.
2040 246 2159 314 441

590 315 596 322 ι

181 441 792 520 remvuhlicamfhlvqm
823 440 922 521 effi·
948 440 1186 517 vellent,
1230 441 1305 500 ad
1328 440 1494 523 Iegem
1520 441 1876 521 accipiendam
1902 445 2159 526 adeffent.
2222 453 2293 510 U.
2325 470 2380 510 c.
2410 454 2533 515 685.

175 522 440 587 D'einde
485 523 714 603 majori
736 544 934 601 'manu
969 520 1228 607 stipatus
1250 565 1268 597 ,
1311 523 1481 606 legis
1516 521 1949 608 perferendae
1980 517 2161 591 caus·
2220 521 2296 583 Δ·
2322 524 2499 594 (2⁶7-

169 626 246 686 &sa
282 605 658 687 progreffus
698 606 767 670 in
796 605 1216 675 concionem,
1272 605 1606 688 negotium
1642 606 1945 687 perfecit.
2030 615 2161 678 Ne.

179 704 309 771 que
358 702 593 769 sponte
646 688 857 772 legem
908 708 1048 749 eam
1103 686 1312 752 tulisse
1358 685 1583 749 consul
1633 690 1804 767 juxta
1851 692 2165 774 quosdam

176 782 481 830 auctores
516 782 812 853 putatur,
871 769 1008 853 ipse
1044 767 1315 832 crimine
1359 768 1589 831 eodem
1623 788 1904 844 nocens,
1953 787 2018 837 et
2052 777 2165 840 vix

174 849 382 929 gratia
432 871 820 933 paucorum,
879 871 961 912 ne
1013 850 1277 912 cauffam
1327 849 1617 925 diceret,
1681 865 1980 937 ereptus:
2045 855 2164 918 sed

173 929 516 1015 acerbiora
552 932 786 995 timens
819 948 1077 995 senatus
1110 946 1553 1016 praeceperat.
1626 930 1707 993 Ut
1729 945 1940 997 tamen
1975 958 2047 999 ea
2079 937 2162 1000 de

175 1012 460 1073 consulis
512 1014 773 1076 infamia
824 1014 1035 1078 minus
1085 1013 1379 1086 credam,
1446 1028 1662 1077 cetera
1703 1013 1841 1095 ejus
1878 1020 2157 1100 gravitas

177 1108 242 1153 et
294 1092 640 1157 constantia
689 1096 881 1166 facit,
955 1110 1247 1182 tempore
1298 1097 1709 1160 comitiorum
1754 1101 2158 1164 memorabili
2199 1127 2223 1156 x

79 1204 85 1215 ·
173 1195 341 1238 voce
384 1175 691 1264 factoque
737 1178 973 1244 testata.

298 1282 434 1348 XL.
493 1286 581 1344 M.
629 1286 1005 1361 Palicanus,
1063 1286 1258 1351 homo
1310 1285 1615 1349 sordidus
1665 1302 1732 1350 et
1772 1288 2153 1366 seditiosus,
2213 1285 2508 1344 Pouet-¹¹5

177 1363 571 1427 consulatum
606 1380 836 1449 petere
872 1368 1097 1444 aufus,
1151 1370 1319 1432 miro
1353 1366 1616 1430 stolidae
1649 1369 2025 1452 plebeculae
2059 1372 2154 1433 sa·
2177 1358 2491 1439 ⁶⁰⁸⁸“JW'5

176 1465 335 1511 vore
361 1444 832 1512 sublevabatur.
898 1450 1029 1514 Sed
1063 1464 1129 1516 et
1160 1451 1407 1512 tribuni
1436 1450 1649 1533 plebis
1675 1454 1736 1513 ei
1756 1451 2041 1527 aderant,
2076 1456 2156 1517 ab
2176 1425 2510 1482 “amum

174 1525 297 1590 hoo
338 1529 633 1612 exemplo
671 1553 824 1594 suae
860 1532 1196 1598 ambitioni
1240 1531 1527 1616 paraturi
1562 1530 1925 1596 faciliorem
1965 1536 2149 1599 viam.

176 1608 294 1669 His
338 1611 605 1684 Patres,
653 1628 718 1675 et
762 1628 909 1682 ante
953 1629 1212 1682 ceteros
1253 1611 1474 1676 consul
1511 1613 1703 1688 Piso,
1745 1614 2149 1680 resistebant.
2223 1661 2246 1684 x

178 1690 379 1774 Igitur
429 1690 673 1754 tribuni
727 1695 919 1760 modo
970 1715 1098 1758 non
1151 1696 1444 1778 manibus
1498 1695 1632 1757 suis
1673 1696 1986 1759 sublatum
2026 1720 2150 1783 pro

186 1768 398 1853 rostris
431 1769 818 1856 statuerunt3
876 1792 942 1842 et
993 1778 1317 1863 utrimque
1366 1776 1742 1840 circumfusi
1785 1778 2149 1863 interroga·

186 1867 364 1926 runt,
423 1852 616 1936 qffbtne
655 1859 972 1920 Palicanum
1016 1867 1436 1922 renunciaturus
1475 1858 1736 1939 consulem
1759 1903 1776 1934 ,
1834 1859 1894 1940 si
1932 1865 2149 1940 quidem

165 1932 354 2016 fictus
386 1957 419 1997 a
447 1937 642 2016 populo
660 1939 866 2021 fhret?
907 1943 1045 2016 llle,
1090 1962 1195 2003 non
1225 1941 1528 2015 existimare
1544 1938 1832 2021 flaturum,
1876 1941 2143 2026 respon-

178 2014 292 2087 dit,
334 2037 398 2077 ut
431 2038 489 2077 eo
520 2021 866 2104 indignitatis
893 2028 1188 2084 veniretur.
1232 2081 1243 2102 J
1273 2024 1384 2095 At,
1425 2021 1807 2106 urgentibus
1844 2024 1999 2098 illis,
2043 2023 2141 2086 di-

176 2099 634 2186 centibusque,
693 2101 856 2187 ,Quid
891 2108 1063 2186 igitur
1084 2148 1103 2179 ,
1144 2102 1208 2181 fi'
1233 2123 1453 2166 ventum
1481 2103 1717 2183 sicerit?
1760 2104 2141 2166 renunciabis?
2198 2109 2498 2175 Constantia
2557 2169 2564 2182 ,

174 2179 305 2240 Non
359 2185 677 2244 renunciabo
695 2179 718 2262 ζ,
778 2185 1010 2271 inquit.
1093 2185 1309 2270 Atque
1361 2185 1544 2248 vocis
1606 2184 1796 2265 hujus
1851 2187 2140 2270 praecisa
2163 2176 2379 2231 Pf⁸⁶⁸35
2403 2185 2496 2237 *ὒ-

146 2263 488 2359 ἱῥιπτεῖ-ἰξειει
514 2261 890 2333 'Palicanum
933 2289 969 2330 a
1010 2287 1251 2334 summa
1288 2288 1407 2355 spe
1446 2266 1834 2352 impetrandi
1868 2265 2139 2333 honoris
2155 2247 2427 2312 stm‘mff·

169 2359 472 2408 removit.

282 2445 453 2516 XLI.
497 2453 620 2516 His
643 2451 1091 2520 occasionibus
1122 2445 1523 2518 diffidiorum
1550 2454 1852 2539 arreptis,
1885 2456 1956 2517 G.
1979 2455 2141 2518 Cor-

165 2535 380 2598 nelius
403 2578 420 2608 ,
477 2549 549 2599 ut
589 2550 848 2599 senatus
886 2538 1208 2602 minueret
1239 2537 1716 2610 auctoritatem,
1771 2538 2138 2621 promulga-

169 2618 263 2682 vit
298 2617 534 2700 legem,
577 2639 644 2679 ne
676 2624 817 2697 quis,
860 2619 964 2699 nist
987 2638 1086 2701 per
1116 2619 1389 2701 populum,
1432 2616 1633 2701 legib'us
1655 2618 1986 2699 solveretur.
2060 2619 2136 2683 Id

168 2701 523 2783 antiquitus
565 2720 823 2783 quoque
863 2716 1135 2771 cautum,
1179 2716 1245 2764 et
1282 2700 1350 2760 in
1390 2700 1686 2762 omnibus
1722 2714 2137 2782 senatuscon-

168 2782 389 2856 sultis,
455 2783 710 2869 quoties
761 2782 1015 2868 legibus
1070 2783 1301 2867 aliquis
1348 2782 1752 2854 solveretur,
1819 2782 2136 2862 adjectum

170 2876 328 2933 erat,
373 2883 438 2923 ut
475 2873 532 2921 e'a
571 2865 638 2923 de
675 2887 737 2923 re
772 2873 843 2922 ad
871 2863 1124 2945 populum
1140 2870 1425 2946 serretur.
1496 2863 1624 2925 Sed
1661 2865 1983 2948 paullatim
2019 2864 2134 2928 fie-

164 2945 223 3003 ri
261 2959 401 3004 erat
439 2944 734 3018 desitum,
780 2966 1019 3030 resque
1046 2946 1167 3027 jam
1201 2946 1268 3007 in
1300 2965 1439 3007 eam
1470 2944 1996 3007 consuetudinem
2026 2968 2136 3008 ve-

164 3041 385 3099 nerat,
431 3043 503 3094 ut
541 3025 857 3110 postremo
894 3048 977 3090 ne
1015 3025 1406 3110 adjiceretur
1439 3025 1699 3110 quidem
1742 3029 1805 3086 in
1846 3043 2137 3089 senatus·

68 3179 71 3184 ¹
165 3103 474 3171 consultis
507 3108 589 3171 de
622 3110 957 3194 rogatione
987 3110 1065 3171 ad
1093 3111 1399 3195 populum
1422 3107 1725 3169 ferenda:
1773 3130 1973 3193 eaque
2003 3108 2137 3193 ipsa
2163 3157 2176 3168 .
2269 3151 2278 3160 -

170 3191 711 3254 senatusconsulta
761 3212 882 3276 per
926 3210 1165 3276 paucos
1211 3190 1550 3252 admodum
1594 3188 1850 3264 fiebant,
1933 3193 2138 3251 luitur

166 3290 303 3330 eam
339 3272 632 3334 Cornelii
670 3273 1073 3356 rogationem
1106 3272 1370 3355 indigne
1406 3273 1690 3333 tulerunt
1720 3273 1967 3356 potenti
2022 3270 2134 3332 imi

169 3354 447 3495 qnicffe'
508 3369 574 3420 et
620 3374 892 3443 quorum
936 3356 1004 3419 in
1052 3368 1275 3419 senatu
1324 3355 1527 3440 gratia
1573 3373 1963 3439 magnopere
2014 3353 2134 3415 mi·-

167 3453 295 3494 nue
346 3448 509 3498 atur.

192 3531 199 3536 ’
286 3538 483 3600 XLII.
526 3541 650 3604 His
689 3540 1158 3626 satagentibus,
1202 3544 1278 3604 P.
1300 3540 1629 3604 ‘Servilius
1666 3539 1979 3603 Globulus
2014 3537 2130 3601 tri·
2161 3526 2502 3613 15‘41‘3012‘1'·

163 3614 375 3678 bunus
418 3620 629 3702 plebis
666 3623 964 3686 inventus
1002 3622 1124 3696 est,
1170 3625 1282 3709 qui
1324 3624 1394 3685 C.
1428 3622 1732 3684 Cornelio
1773 3618 2129 3688 obsisteret.
2150 3598 2394 3684 ‚mmmm

158 3698 263 3771 Is,
326 3702 438 3764 ubi
488 3703 550 3764 le
599 3704 654 3765 is
697 3705 1003 3771 ferendae
1045 3707 1186 3768 dies
1229 3705 1441 3776 venit,
1503 3717 1569 3765 et
1602 3723 1874 3786 praeco,
1933 3700 2133 3781 subji-

162 3782 381 3856 ciente
422 3726 667 3857 πήξει,
727 3785 924 3849 verba
958 3788 1124 3872 legis
1162 3787 1441 3849 recitare
1477 3784 1718 3867 populo
1754 3783 2003 3865 coepit,
2066 3799 2134 3848 et

164 3863 444 3928 scribam
486 3867 845 3949 subjicere,
907 3884 973 3933 et
1010 3887 1398 3958 praeconem
1442 3865 1874 3949 pronunciare
1921 3866 2132 3950 paffus

162 4047 669 4179 Diffapsssffssmx
704 4054 841 4112 Dio.
913 4056 1059 4134 Cap.
1087 4055 1202 4114 XL·
1241 4054 1377 4114 Val.
1407 4011 1564 4116 Max.
1597 4052 1662 4117 3,
1679 4051 1734 4107 8.
1805 4053 1952 4136 Cap.
1981 4053 2126 4109 xm.
