2717 4667
531 217 655 293 234
742 217 1145 284 FRmNsH.
1192 190 2020 282 SUPPLEMENTORUM
2050 218 2202 280 Lm.
2235 220 2396 282 Lm.

383 427 505 494 670.
535 447 605 488 se
640 425 1057 488 dediderunt.
1135 429 1313 501 Eos,
1356 426 1427 487 in
1469 426 1691 488 villam
1730 428 2052 511 publicam
2094 429 2354 513 ingredi
2390 428 2523 508 ius..

379 498 471 553 3²·
529 528 684 581 sos,
752 510 938 592 quasi
995 510 1170 570 inter
1226 530 1378 571 suos
1435 509 1679 569 milites
1735 510 2218 594 descripturus»,
2290 511 2524 573 eodem

532 604 864 673 tempore,
925 613 1053 675 quo
1103 606 1394 653 senatum
1443 592 1511 650 in
1563 590 1792 651 aedem
1824 590 2136 654 Bellonae
2177 594 2525 656 convocari

524 667 807 753 jufferat,
850 672 1283 738 crudeliss'ime
1318 667 1705 740 trucidavit:
1749 674 2060 757 multique
2101 675 2287 735 simul
2326 697 2526 759 paga.-

526 754 629 827 ni,
678 755 790 838 qui
827 755 1002 817 forte
1041 754 1274 818 eodem
1306 767 1660 826 venerant,
1708 756 1901 816 etiam
1938 758 2340 818 Sullanarum
2370 779 2525 841 par-
2580 825 2586 838 ⁸
2624 820 2629 824 Α

524 836 688 896 tium
720 836 1052 912 homineS‚
1096 838 1460 921 perierunt.
1512 838 1842 920 „Corpora
1875 838 2268 916 i11‚='1‘iberim
2302 837 2527 923 proje-

526 930 628 980 cta
670 932 859 979 sunt.-

192 422 262 479 U.
302 443 352 479 c.

194 489 266 550 Ἀ.
293 497 359 551 C.

146 1039 152 1051 ¹
232 1045 350 1098 Vox
386 1052 506 1118 ejus
648 1035 873 1109 me.
933 1044 1103 1103 Dum
1148 1054 1323 1103 tanta
1371 1038 1716 1102 multitudo
1755 1040 2091 1115 caeditur,
2147 1040 2284 1126 ipse
2321 1045 2528 1123 verba

164 1117 502 1197 tqucutenets.
529 1123 596 1183 in
637 1138 866 1186 senatu
906 1125 1223 1187 faciebat:
1268 1123 1703 1206 Patribusque
1746 1123 1826 1183 ad
1865 1124 2251 1186 horribilem
2286 1127 2529 1186 tumul-

167 1200 327 1239 ”ma’
526 1218 660 1266 tum
718 1227 794 1267 ac
835 1208 1227 1277 clamorem,
1284 1215 1384 1265 tot
1429 1223 1619 1287 quem
1661 1203 1863 1265 millia
1905 1205 2174 1288 indigne
2209 1208 2531 1268 moritura

526 1288 829 1362 edebant,
875 1289 1249 1365 exterritis3
1298 1287 1552 1361 eodem,
1598 1305 1731 1369 quo
1750 1285 1978 1348 dicere
2004 1302 2334 1371 coeperat,
2380 1289 2527 1351 vul-

522 1384 595 1432 tu
633 1372 948 1454 vocisque
989 1386 1259 1443 tenore,
1306 1370 1429 1428 Hoc
1467 1374 1647 1451 agite,
1693 1367 1947 1450 inquit‚·
1978 1369 2178 1428 Patres
2212 1371 2526 1450 corfiripti.

523 1456 683 1535 pauci
706 1450 956 1534 seditiosi
960 1451 1121 1530 jussu
1151 1473 1260 1510 meo
1284 1454 1618 1534 puniuntur.
1705 1447 1850 1551 Qua
1895 1464 2108 1512 tantae
2151 1451 2530 1515 acerbitatis

526 1553 692 1595 voce
740 1535 845 1597 vix
888 1534 1239 1620 quidquam
1285 1532 1365 1594 ab
1414 1533 1550 1594 ullo
1597 1533 1862 1596 homme
1906 1531 2148 1594 dictum
2188 1548 2350 1622 puto
2385 1546 2532 1595 tru-

529 1617 873 1678 culentiuS.

646 1741 819 1802 XIX.
878 1739 1207 1801 Proximis
1267 1739 1506 1802 deinde
1557 1738 1778 1801 multis
1833 1738 2064 1800 diebus
2123 1735 2346 1821 pass'im
2405 1754 2537 1818 per

524 1822 756 1883 urbem
814 1822 1046 1885 caedes
1098 1821 1342 1894 factae,
1408 1836 1577 1882 tanta
1635 1820 2002 1903 gladiorum
2052 1818 2354 1890 licentia,
2418 1830 2533 1890 ut,

526 1926 720 1988 quem
770 1905 916 1987 quis
962 1904 1201 1977 vellet,
1263 1904 1622 1965 occideret.
1699 1901 2004 1963 inimicos
2057 1922 2210 1962 suos
2254 1898 2536 1959 maxime

523 1986 880 2061 tollebant3
943 1985 1182 2047 deinde
1271 2006 1503 2045 uorum
1546 1995 1653 2045 aut
1697 1983 1977 2067 dignitas
2020 1982 2367 2053 invidiam,
2424 1994 2537 2041 aut

524 2089 637 2128 res
677 2067 1017 2129 familiaris
1062 2007 1370 2153 praedam
1415 2067 1805 2129 luculentam
1849 2064 2219 2127 ostentabat.
2282 2061 2536 2123 Eadem

525 2147 671 2222 ista,
734 2150 914 2211 velut
957 2150 1148 2231 signo
1199 2150 1277 2211 ab
1325 2148 1490 2211 urbe
1539 2148 1729 2221 datO,
1799 2168 1925 2231 per
1982 2167 2237 2209 omnem
2281 2143 2536 2206 Italiam

526 2229 811 2308 fiebant3
880 2245 946 2293 et
987 2233 1232 2316 ubique
1276 2252 1400 2316 per
1447 2229 1735 2293 colonias
1781 2250 1854 2291 ac
1897 2229 2294 2312 municipia,
2404 2246 2534 2287 uos

529 2313 899 2376 adversatos
936 2314 1151 2382 Sullae
1194 2328 1302 2375 aut
1355 2307 1702 2375 satellitum
1750 2311 1888 2392 ejus
1933 2311 2129 2373 alicui
2166 2305 2373 2371 consta
2426 2321 2536 2381 at,

526 2396 1039 2460 trucidabantur.
1121 2397 1401 2458 Plurimi
1446 2394 1818 2477 sanguinis,
1865 2393 1977 2454 alii
2019 2392 2379 2478 spoliorum
2415 2410 2537 2451 cu·

575 2479 801 2540 iditate
848 2478 1081 2540 caedes
1126 2478 1627 2566 perpetrabant:
1705 2489 1889 2536 erant
1940 2488 2041 2549 et,
2110 2473 2221 2557 'qui
2266 2470 2538 2556 pericu·

525 2500 660 2621 fum
696 2561 824 2622 sibi
854 2561 1246 2635 metuebant,
1300 2560 1372 2620 ni
1401 2561 1676 2622 aliorum
1711 2558 1910 2621 exitio
1941 2555 2215 2619 studium
2245 2554 2539 2638 partium

529 2641 1011 2725 significass'ent.

216 2765 506 2821 amnem
656 2767 810 2825 XX.>
858 2765 1145 2827 Tandem
1189 2764 1262 2826 C.
1299 2763 1605 2827 Metellus
1650 2762 1904 2842 iuvenis
1947 2760 2135 2823 ausus
2179 2758 2268 2826 est
2312 2755 2384 2819 in
2425 2779 2536 2821 se-

165 2851 215 2890 et
236 2836 507 2916 Q·C“f“¹²'
529 2860 680 2909 natu
719 2849 1132 2932 interrogare
1167 2847 1446 2918 Sullam,
1506 2866 1717 2927 ecquem
1765 2867 1893 2928 ergo
1927 2842 2323 2925 fhppliciorum
2360 2841 2536 2921 finem

165 2923 312 3029 εἴ*
368 2906 810 3008 “bhstatuiffen
884 2930 1017 2987 Non
1042 2936 1216 3002 enim,
1263 2928 1514 3014 inquit,
1557 2928 1658 3004 hoq
1681 2929 2071 3007 deprecamur,
2115 2944 2177 2986 ut
2202 2965 2219 2997 ,
2263 2943 2393 3003 quos
2430 2924 2535 2982 de·-

523 3096 766 3154 riantur.
814 3091 1013 3171 Ajunt
1053 3107 1119 3154 et
1156 3092 1237 3176 Q.
1272 3092 1566 3153 Catulum
1600 3090 1811 3174 palam
1846 3088 2075 3150 dixiss'e
2096 3132 2113 3162 ,
2165 3089 2305 3148 Cum
2334 3085 2534 3167 quibus

520 3173 739 3234 tandem
787 3179 992 3234 victu-ri
1031 3169 1260 3257 firmus,
1321 3176 1368 3248 [ι’
1403 3178 1459 3229 in
1496 3171 1632 3230 bello
1671 3191 1910 3232 armatos
1934 3212 1952 3243 ,
2012 3172 2072 3228 in
2118 3187 2245 3250 pace
2295 3171 2534 3227 inermes

515 3255 850 3315 occidimus?
894 3259 1061 3322 Tum
1090 3244 1372 3339 negante
1405 3253 1578 3317 Sulla
1600 3296 1616 3325 ‚
1660 3253 2008 3327 coustitutum
2049 3252 2220 3310 adhuc
2251 3245 2360 3326 fibi
2400 3248 2528 3326 effe,

514 3334 708 3416 quibus
747 3337 884 3398 velit
917 3337 1166 3414 parceren-
1216 3336 1496 3417 subjecit
1515 3332 1848 3395 Fut-fidius
1874 3331 2325 3417 primipilaria,
2376 3331 2531 3392 Sul-

517 3418 619 3479 lae
648 3420 1050 3503 turpiss'imus
1088 3418 1492 3491 adsentator,
1537 3416 1651 3500 qui
1684 3437 1833 3477 mox
1867 3418 1936 3477 in
1970 3414 2291 3498 petitione
2320 3412 2529 3496 magi-

519 3497 824 3562 stratuum
866 3501 1157 3585 egregiis
1196 3499 1569 3563 hominibus
1610 3499 1938 3583 praelatus
1975 3494 2099 3560 est:
2143 3499 2304 3581 Qin
2349 3498 2528 3578 igitur

522 3582 639 3641 edis
657 3624 676 3656 ‚
720 3604 851 3664 quos
888 3584 989 3642 ubi
1019 3588 1216 3665 punire
1250 3603 1459 3643 certum
1498 3582 1618 3660 est?
1798 3577 1805 3594 ’

563 3785 739 3858 'Cap.
775 3788 960 3845 XVII.
996 3789 1304 3860 LivAEpit.
1339 3788 1430 3862 Ap
1478 3788 1596 3856 ian.
1633 3787 1872 3858 Dionys⁶
1907 3787 1950 3842 l.
1973 3784 2026 3842 5.
2047 3787 2147 3840 fin.
2183 3785 2532 3851 Flor.3,21.

526 3857 767 3913 Strabo.
803 3857 941 3912 Dio.
996 3859 1141 3930 Cap.
1166 3860 1378 3915 XVIII.
1471 3876 1588 3911 ros.
1611 3858 1664 3924 5,
1688 3875 1774 3910 αι.
1807 3857 1964 3912 Plut.
1998 3856 2206 3911 Senec.
2227 3854 2299 3908 de
2317 3851 2528 3906 Benef.

523 3926 579 3994 5,
606 3930 686 3983 ι6.
726 3924 862 3979 Dio.
900 3930 1072 3982 Oros,
1113 3929 1247 3984 Val.
1281 3929 1437 3981 Max.
1470 3945 1521 3996 9,
1559 3946 1609 3981 2.
1647 3925 1783 3978 Dio.
1858 3928 1949 3981 Ca'
1989 3962 2003 3976 .
2035 3926 2186 3979 XIX.
2227 3926 2440 3978 Lucan.
2477 3938 2533 3987 a,

524 4014 586 4049 v.
626 3997 742 4065 196.
793 3994 947 4049 Plut.
1005 3996 1213 4051 Senec.
1257 3995 1329 4051 de
1366 3996 1650 4050 Clement.
1689 4011 1751 4063 ι,
1788 4012 1871 4050 12.
1982 4011 2101 4047 ros·
2152 3992 2315 4047 Flor.
2371 3990 2524 4045 Plut.

523 4064 675 4135 Aug.
708 4062 780 4117 de
809 4064 938 4118 Civ.
974 4065 1123 4135 Dei,
1159 4068 1212 4131 3,
1250 4065 1337 4123 28.
1376 4063 1514 4118 Dio.
1601 4064 1746 4136 Cap.
1784 4067 1905 4118 XX.
1953 4063 2107 4122 Plut.
2147 4063 2322 4121 Oros·
2352 4059 2518 4115 Flor.

523 4132 678 4191 Plut.
717 4133 893 4193 Oros.
930 4133 1152 4192 Sallust.
1192 4134 1329 4196 nist.
1368 4131 1516 4195 uin
1545 4142 1699 4194 orat.
1730 4130 1962 4207 Lepidi.
2258 4184 2264 4191 .
2422 4149 2435 4158 ·

524 3012 737 3088 crevisti
778 3009 1003 3082 tollere,
1048 3015 1274 3070 vivant.-
1326 3012 1430 3091 Jed
1463 3032 1560 3081 ne,
1622 3030 1754 3089 quos
1789 3009 2130 3086 conservatos
2162 3009 2352 3087 cupis,
2409 3026 2532 3064 mo·
2601 3041 2605 3045 ‚
2706 3011 2707 3024 ¹
