2717 4667
388 209 407 220 ‘
508 201 596 265 m
638 164 932 265 Locum
962 198 1124 264 Lm.
1154 193 1500 258 Lxxvln.
1535 193 1756 258 mvn.
2015 188 2099 271 73

126 406 517 471 etsambuca
548 425 706 490 prae
738 402 1032 489 pondere
1067 395 1357 480 subsedit
1371 431 1404 478 ·,
1464 411 1530 462 et
1561 398 1752 462 Isidis
1797 397 2118 487 apparuit'
2147 396 2220 458 U·
2239 391 2442 527 θυόεν-84·

127 511 159 552 s
200 490 410 561 ecies,
481 485 821 569 copiosum
869 485 1118 567 ignem,
1181 480 1473 546 fulminis
1523 480 1591 542 in
1630 481 1932 560 modum,
1996 484 2094 549 ei·
2147 465 2315 524 QG·
2409 508 2429 525 ·

178 591 275 632 em
312 568 649 631 machinae
685 567 1057 634 immittens.

249 652 504 715 XXVII.
548 647 919 712 Postremus
964 646 1072 709 hic
1111 643 1465 724 ,adversum
1496 644 1788 710 Rhodios
1831 662 2098 713 conatus
2156 642 2302 725 Effe!
2324 642 2397 696 ’ὅ

138 733 302 815 regis
332 731 482 793 fuit.
567 728 827 792 Frustra
863 728 1123 791 videbat
1158 747 1423 811 operam
1456 728 1805 812 copiasque
1840 744 1908 792 et
1934 745 2098 795 tem·
2120 710 2385 830 fflffffff⁰u

135 835 247 897 pus
276 811 469 896 perdi
505 810 590 873 ad
634 809 1044 872 firmissimam
1087 808 1352 884 urbem,
1400 829 1563 895 quae
1605 825 1911 893 portuum
1954 835 2097 876 mu-
2116 796 2295 902 “aas
2320 795 2395 833 η’

133 915 479 978 rorumque
546 892 962 955 munimentis
1036 891 1340 975 omnique
1394 912 1425 951 a
1522 904 1699 953 aratu
1744 914 1967 990 parem
2015 915 2099 960 eo

128 988 416 1059 tempore
481 996 613 1036 non
655 974 968 1049 habebat3
1030 986 1097 1035 et
1136 994 1172 1033 a
1260 972 1413 1034 eriti
1470 974 1617 1034 unis
1667 994 1767 1036 rei
1804 976 2101 1040 nauticae

127 1056 531 1138 hominibus,
598 1070 792 1139 atque
840 1056 1008 1116 inter
1043 1074 1188 1117 sese
1208 995 1486 1138 Regibus
1532 1055 1791 1139 optimis
1828 1059 2099 1145 egregie

128 1138 490 1218 conjunctis
514 1181 530 1210 ,
576 1137 1065 1200 delendebatur.

240 1221 532 1284 XXVIII.
576 1218 682 1281 Ad
722 1221 955 1281 Patara
981 1217 1131 1279 hinc
1174 1215 1405 1281 ductus
1439 1230 1537 1280 est
1569 1218 1891 1282 exercitus
1921 1242 1939 1282 ε
1982 1219 2099 1284 ubi

132 1298 368 1362 iterum
425 1301 693 1384 iniquos
740 1314 1047 1384 expertus
1105 1312 1245 1373 est,
1305 1320 1471 1383 quos
1530 1299 1842 1363 vocabant
1892 1302 2096 1365 Deos.

134 1380 341 1476 Quum
413 1384 592 1445 enim
614 1426 630 1455 ,
712 1382 859 1466 quia
910 1380 1221 1444 machinis
1279 1378 1776 1444 exaedificandis
1832 1384 2102 1447 materia

92 1521 105 1526 „
129 1465 375 1538 deerat,
446 1465 669 1526 lucum
709 1466 992 1527 Latonae
1041 1461 1320 1527 dicatum
1355 1462 1695 1525 succidere
1751 1466 2092 1548 coepiss'et,

134 1545 351 1606 minaci
394 1545 654 1607 somnio
684 1546 954 1608 territus
985 1542 1244 1607 destitit.
1331 1545 1494 1607 Sunt
1515 1588 1531 1617 ,
1582 1546 1694 1641 qui
1727 1545 1942 1607 lucum
1966 1549 2095 1609 Fu·
2157 1540 2474 1599 meFu-

135 1626 360 1687 riarum
395 1626 651 1689 succidi
695 1640 996 1709 coeptum
1035 1625 1318 1688 scribant
1346 1669 1364 1698 ,
1440 1626 1558 1687 sed
1605 1627 1855 1709 ingenti
1907 1629 2045 1692 risu
2073 1672 2093 1703 ,
2117 1612 2471 1736 2333*ῗῖ-

2296 1718 2316 1747 ,
2437 1712 2466 1729 .

133 1707 295 1786 cujus
335 1720 572 1769 auctor
613 1727 742 1769 non
775 1707 1121 1791 apparebat
1146 1750 1164 1779 ‚
1226 1706 1616 1780 deterritos,
1675 1707 1786 1802 qui
1817 1709 1891 1807 in
1936 1731 2094 1795 ope·
2118 1759 2297 1802 „mr-

128 1808 201 1848 re
233 1803 437 1849 erant.
485 1788 642 1850 inde
689 1809 884 1873 quum
926 1789 1288 1871 haruspicis
1322 1787 1484 1869 j‘uss'u
1522 1788 1741 1851 Furiis
1773 1792 2096 1875 virginem

135 1869 540 1932 Mithridates
583 1869 965 1944 immolaret,
1008 1889 1044 1931 e
1077 1870 1299 1952 jugulo
1329 1870 1586 1952 puellae
1621 1869 1823 1932 risum
1856 1887 2090 1936 ortum.

134 1951 349 2032 lgitur,
440 1950 764 2035 Pelopida
810 1951 1072 2033 Lycium
1115 1950 1359 2013 bellum
1420 1949 1853 2016 administrare
1892 1954 2089 2034 jum),

133 2031 490 2125 principem
539 2033 892 2095 amicorum
939 2033 1326 2096 Archelaum
1379 2052 1522 2093 cum
1579 2055 1680 2095 ma
1768 2035 1826 2097 is
1881 2036 2093 2119 copiis

126 2134 190 2172 m
232 2115 578 2179 Graeciam
621 2115 818 2177 misit.
887 2116 1030 2197 ipse
1080 2118 1468 2197 Pergamum
1514 2053 1827 2192 secegns
1851 2160 1868 2191 ,
1913 2115 2094 2180 dele-

127 2193 324 2256 ctibus
375 2196 682 2279 agendis,
740 2196 1172 2280 parandisque
1224 2196 1454 2269 armis,
1524 2211 1591 2258 ct
1629 2198 1893 2260 interim
1949 2203 2097 2261 Μο-

123 2275 323 2338 nimae
369 2279 703 2340 amoribus
768 2298 1030 2361 operam
1091 2277 1313 2341 dabat:
1417 2277 1606 2339 simul
1663 2280 2100 2363 cognoscebat

128 2359 354 2420 caull'as
403 2359 843 2421 Asiaticorum
877 2358 1243 2443 principum
1266 2402 1284 2435 ,
1346 2378 1622 2442 quorum
1660 2361 1903 2455 petitus
1932 2362 2097 2424 insi·

28 2443 31 2488 l
128 2438 246 2500 diis
278 2441 660 2514 dicebatur,
705 2442 899 2524 quive
933 2459 1040 2502 res
1082 2460 1363 2514 novare,
1412 2455 1521 2503 aut
1553 2460 1815 2503 omnino
1860 2445 2098 2506 Roma-

28 2577 29 2586 ,
129 2521 225 2581 nis
252 2519 518 2585 studere
547 2523 1002 2605 arguebantur.

240 2604 473 2668 XXIX.
518 2607 696 2664 Inter
740 2603 932 2676 haec,
1007 2603 1184 2664 Sulla
1229 2600 1437 2664 adhuc
1483 2602 1552 2663 in
1597 2603 1775 2664 Italia
1815 2601 2098 2665 faciente
2154 2585 2438 2644 ⁰⁰⁰·665·

30 2765 31 2768 Ἴ
138 2698 474 2781 apparatus
497 2728 517 2759 ,
571 2684 900 2769 variisque
960 2684 1442 2767 impedimentis
1499 2698 1795 2758 retente,
1858 2686 1972 2750 Cn.
2004 2682 2098 2747 O·
2156 2655 2470 2781 ἓῃοοᾟᾎ,

137 2778 409 2840 ctavius‚
504 2768 581 2827 1..
634 2767 979 2829 Cornelius
1046 2766 1248 2828 Cinna
1323 2768 1723 2828 consulatum
1785 2765 2093 2852 inierunt.
2123 2793 2463 2858 viffihcm„

136 2846 362 2924 Cinna,
435 2848 600 2911 licet
661 2848 906 2911 ultimis
973 2846 1564 2922 exsecrationibus,
1649 2847 1813 2910 nihil
1871 2861 2097 2910 contra
2116 2862 2276 2917 „elio
2303 2862 2457 2918 eom

137 2928 339 3009 Sullae
388 2930 682 2992 rationes
735 2943 803 2991 et
851 2928 1207 2992 ordinatam
1249 2928 1328 2990 ab
1368 2949 1449 2991 eo
1496 2929 1959 3012 rempublicam
1998 2929 2095 2991 fa-
2154 2959 2326 3010 osma
2351 2973 2470 3010 cm,

136 3023 412 3086 aturum,
476 3032 553 3072 se
606 3009 1021 3073 adstrinxerat
1042 3052 1059 3084 ‚
1103 3009 1299 3073 fidem
1356 3009 1521 3073 adeo
1565 3031 1699 3072 non
1745 3008 2095 3094 praestitit.
2118 3026 2212 3079 sut
2237 3028 2399 3080 rebus

138 3104 198 3153 nt
234 3092 404 3154 nihil
451 3113 557 3170 ma
603 3094 658 3156 is
705 3093 979 3155 haberet
1025 3092 1246 3165 cordi,
1330 3112 1520 3175 quam
1566 3090 2097 3180 quemadmodum
2119 3095 2395 3160 novisstu-

138 3173 365 3235 Sullam
417 3114 717 3238 citilfime
774 3196 854 3237 ex
898 3175 1078 3236 Italia
1134 3174 1584 3247 submoveret,
1661 3194 1744 3235 ne
1800 3173 2097 3237 consiliis
2119 3162 2227 3226 ὅθί·

140 3256 257 3317 suis
297 3254 772 3339 impedimento
819 3256 992 3322 effet.
1050 3256 1375 3328 ·Deinde,
1454 3255 1535 3318 ad
1577 3255 1835 3319 diversa
1883 3255 2114 3317 consi:
2175 3255 2191 3264 ‘
2327 3261 2336 3266 “

136 3333 209 3397 lia
245 3337 599 3412 detrusus,
660 3339 1015 3411 cunctanti,
1083 3352 1150 3401 et
1185 3338 1436 3423 reliqua
1525 3338 1663 3399 rius
1715 3357 1796 3399 ex
1826 3358 1946 3397 usu
1980 3355 2100 3398 suo

139 3434 526 3503 componere
570 3422 853 3495 volenti,
937 3419 1415 3483 accusationem
1463 3361 1729 3497 Kruxit3
1799 3416 2102 3501 diemque

36 3497 37 3524 ff
140 3496 465 3566 dicendam
499 3504 746 3565 curavit
777 3524 902 3586 per
928 3506 1019 3564 M.
1042 3499 1428 3584 Verginium
1451 3501 1781 3564 tribunum
1820 3497 2056 3583 plebis.

242 3586 450 3647 XXX.
497 3586 592 3644 Ea
646 3583 906 3647 fuerant
924 3629 943 3660 ,
1009 3598 1325 3666 erantque
1368 3597 1699 3668 tempora„
1764 3594 1834 3643 ut
1886 3580 2101 3644 deess'e
2163 3582 2434 3638 oris-snm

140 3663 515 3729 criminandi
565 3666 837 3730 materia
888 3687 1022 3732 non
1068 3666 1300 3751 poss'et.
1338 3691 1341 3694 “
1382 3665 1669 3728 Hominem
1711 3662 2102 3786 fiaperbumaet
2130 3655 2372 3777 ἕζῗὶἑε·

195 3852 338 3926 Cap.
375 3854 587 3910 XXVI.
621 3853 739 3907 Jul.
771 3853 990 3930 Obseq.
1052 3854 1198 3938 Cap.
1223 3852 1462 3910 XXVII.
1491 3848 1742 3923 Appian.
1771 3843 2022 3935 Strabo,
2058 3849 2103 3905 1.

148 3921 212 3986 ¹4·
238 3940 298 3993 p.
325 3922 449 3979 ⁶52.
523 3925 676 4005 Cap.
695 3924 959 3981 XXVIII.
987 3921 1037 3977 Α
1080 3941 1244 3995 pian.
1275 3923 1391 3979 Jul.
1417 3920 1635 4002 Obseq.
1666 3919 1717 3973 A
1758 3933 1919 3988 pian.
1947 3920 2104 3974 Plut.

144 3989 353 4119 {lumBm
374 3991 459 4119 οῗ.
497 3994 757 4135 Αρῖἕω.
832 3994 976 4071 Gap.
1011 3942 1213 4053 lelX.
1244 3995 1394 4052 Plut.
1427 3991 1543 4046 Dio
1563 3986 1718 4062 apud
1789 3983 2103 4047 ales-Plut-

200 4080 244 4117 ο.
326 4081 399 4119 ru
425 4081 466 4120 o
495 4081 547 4120 c.
946 4095 959 4106 .
1977 4093 1994 4110 .
