2717 4667
465 307 472 320 ·
547 271 636 335 m
677 268 979 335 LOCUM
1019 271 1183 331 Lm.
1222 270 1358 336 XC.
1395 271 1624 336 LIVII.
1966 272 2087 352 275

137 407 1186 444 W&

113 459 475 563 niagnopere
519 476 920 539 celebratum
953 495 1192 538 nomen
1230 473 1340 539 est.
1427 478 1774 545 Exercitus
1811 479 2086 562 Lepidi,
2130 477 2219 533 U·
2242 479 2440 548 c·675·

114 583 207 622 car
250 560 502 622 entibus
536 558 887 630 insulanis,
934 558 1171 642 quibus
1218 556 1520 621 molestus
1569 560 1699 621 effe
1746 581 1865 623 coe
1915 576 2091 635 erat,
2150 547 2411 619 A·C·77·

112 584 414 726 dissipatus
457 638 579 703 est:
631 637 805 724 quod
842 640 1107 701 roboris
1141 640 1394 713 fuerat,
1439 643 1779 725 Perperna
1818 665 1853 703 a
1934 646 2091 706 Ser-

114 725 322 786 torium
358 723 665 796 adduxit,
776 721 880 794 ui,
938 721 1280 808 profectus
1321 723 1392 782 in
1425 723 1551 784 Hir
1592 724 1833 797 aniam,
1895 747 2092 809 quum

118 826 179 867 se
205 806 463 866 relatum
498 805 567 865 in
600 800 722 887 pro
758 802 1006 886 criptas
1046 801 1392 876 didiciss'et,
1440 803 1546 867 hel
1579 826 1688 866 um
1714 806 1947 889 ingens
1981 828 2093 869 ex-

117 889 413 949 citaverat.
503 887 709 969 Igitur
734 928 754 959 ,
809 897 884 945 ut
929 886 1106 958 vires
1154 886 1218 946 ei
1263 886 1841 958 subtraherentur,
1907 909 2093 952 sena-

112 967 478 1030 tusconsulto
529 980 598 1029 ct
645 964 988 1050 rogatione
1034 965 1287 1026 Plautia
1334 965 1496 1028 belli
1530 967 1851 1051 Lepidani
1888 972 2094 1051 gratia

109 1049 569 1134 poenitentibus
604 1049 807 1120 facta,
855 1047 1244 1143 reditusque
1286 1045 1631 1122 decretus,
1683 1051 1957 1112 maxime
1984 1052 2097 1113 ad-

111 1133 327 1194 nitente
372 1132 449 1193 C.
483 1130 777 1203 Caesare,
873 1129 940 1190 ui
970 1149 1356 1194 concionem
1396 1151 1597 1227 super
1631 1152 1707 1194 ea
1738 1153 1813 1194 re
1847 1132 2094 1207 habuit,
2428 1133 2438 1170 ¹

109 1213 258 1357 quI'Od
308 1214 380 1274 in
438 1213 666 1276 eadem
716 1231 833 1274 cau
886 1233 923 1272 a
955 1214 1033 1273 L.
1067 1212 1309 1285 Cinna,
1373 1233 1602 1276 uxoris
1652 1235 1807 1277 suae
1844 1214 2117 1290 frater‚'

108 1317 138 1357 e
181 1311 256 1359 et.

199 1403 370 1470 XIX.
422 1400 652 1484 Igitur,
697 1401 992 1463 civilium
1032 1420 1361 1463 armorum
1401 1399 1631 1475 furiaS,
1678 1404 1914 1488 quihus
1953 1402 2094 1487 ipse
2141 1390 2399 1448 SWdfflu
2416 1393 2478 1480 ⁶,-

31 1547 32 1554 χ
107 1482 251 1544 haud
304 1483 601 1545 leviores
659 1484 1059 1546 excitaturus
1116 1497 1291 1556 erat,
1356 1483 1629 1552 multum
1686 1485 2091 1562 exsecratus,
2121 1465 2375 1516 cumn·

109 1586 272 1627 orare
300 1567 543 1626 Patres
575 1566 831 1649 coepit,
878 1585 943 1626 ut
976 1567 1270 1645 aliquando
1306 1564 1393 1625 his
1434 1565 1591 1624 malis
1622 1571 1891 1640 terminus
1925 1586 2091 1648 pone-
2158 1583 2167 1602 ⁴

106 1668 263 1709 retur.
349 1648 460 1707 Ira
495 1648 750 1707 Deorum
797 1646 987 1724 multis
1022 1647 1089 1708 ab
1123 1652 1281 1706 annis
1313 1651 1396 1707 ita
1432 1647 1826 1729 conquaffiztam
1854 1654 2093 1711 internis

97 1728 434 1810 fiditionibus
478 1729 862 1810 rempublicam
881 1773 898 1803 ‚
942 1748 1010 1790 ut
1033 1772 1050 1802 ‚
1081 1726 1354 1810 fiquidem
1392 1730 1609 1790 diutius
1648 1749 1710 1789 ea
1747 1731 1955 1791 durare
1992 1749 2092 1813 pe·
2137 1727 2145 1738 ’

93 1810 182 1890 stis
218 1811 405 1871 debeat.
420 1853 440 1885 ‚
498 1807 762 1891 neceffitm
781 1808 863 1893 fit
905 1816 1083 1871 omnia
1118 1830 1302 1872 ruere.
1391 1804 1724 1888 Defi'derare
1768 1812 1957 1873 urbem
1995 1815 2093 1873 cir..

105 1912 325 1965 'tamenta
365 1896 522 1973 pacis
561 1891 831 1974 bellique3
890 1888 1197 1974 desiderare
1248 1889 1591 1971 confiliorum
1641 1898 2093 1976 auctoritatisque

103 1978 347 2055 principes
375 1978 627 2035 curiam.-
681 1974 855 2035 multa
884 1970 1462 2057 praestantiffi'morum
1496 1975 1749 2035 virorum
1784 1980 1962 2058 capita
1989 1994 2094 2059 per
2160 1997 2165 2003 ’

106 2053 476 2138 Damassppum
495 2098 513 2129 ,
575 2056 747 2117 multo
803 2059 998 2118 deinde
1049 2056 1218 2137 plura
1263 2073 1367 2136 per
1400 2054 1613 2117 Sullam
1657 2056 1869 2139 decisa,
1935 2065 2088 2141 quae,

104 2136 239 2197 velut
270 2143 329 2204 in
368 2137 729 2219 opprobrium
761 2139 1007 2222 publicae
1029 2138 1327 2220 servitutis
1342 2179 1360 2210 ‚
1414 2155 1523 2220 pro
1571 2138 1764 2216 rostris
1795 2138 2094 2220 spectanda

95 2236 546 2301 proponerentur.
635 2211 804 2282 Nunc
837 2241 1015 2282 autem
1032 2262 1050 2295 ‚
1095 2225 1408 2279 remittente
1444 2224 1724 2280 numinum
1756 2222 2093 2305 indignatio·-

98 2321 187 2373 ηε,
213 2301 460 2382 sublatis
499 2301 695 2361 horum
716 2302 984 2383 scelerum
1019 2301 1354 2375 auctoribus,
1398 2299 1656 2381 neceffum
1686 2300 1834 2362 haud
1864 2302 1980 2384 effe,
2027 2319 2095 2363 ut

95 2382 512 2443 deterrimorum
560 2386 812 2444 virorum
855 2384 1110 2464 instituta
1141 2397 1246 2465 per
1275 2382 1479 2465 probos
1518 2402 1574 2442 et
1600 2387 1816 2465 patriae
1836 2387 2095 2444 'amantes'

98 2485 470 2526 exerceantur.
1842 2483 1871 2502 ··

199 2571 346 2631 XX.
416 2572 617 2632 Donec
649 2579 834 2631 recens
875 2569 1047 2631 adhuc·
1086 2571 1384 2632 dominatio
1401 2616 1419 2647 ‚
1483 2593 1540 2633 et
1577 2574 1865 2634 dictatoris
1882 2579 1889 2584 ’
1908 2593 2097 2633 terror

91 2654 312 2734 primum
333 2695 353 2727 ‚
404 2652 606 2713 deinde
648 2658 904 2714 memoria
939 2652 1180 2724 valuerit
1199 2697 1217 2728 ‚
1274 2654 1430 2737 facta
1466 2657 1727 2738 quaedam
1765 2677 1798 2715 a
1829 2660 2098 2738 gementi-

94 2735 181 2797 bus
220 2732 324 2815 effe
343 2778 362 2809 ‚
433 2754 572 2816 quae
610 2735 984 2802 recordatione
1028 2755 1329 2817 temporum
1373 2758 1659 2819 utcumque
1702 2734 2094 2821 defendantur.

98 2820 147 2879 Si
178 2816 312 2898 quid
355 2836 555 2877 eorum
588 2834 877 2897 praeterea
905 2814 1073 2895 fieret
1090 2860 1108 2891 ‚
1137 2819 1267 2908 jam
1301 2813 1515 2882 nullum
1554 2820 1783 2880 colorem
1813 2817 2096 2902 supereffe,

100 2903 210 2981 quin
241 2920 342 2960 con
372 2898 502 2960 ulto
527 2899 692 2979 facta
731 2899 1030 2958 credantur
1048 2942 1065 2973 ‚
1127 2920 1182 2962 et
1220 2900 1384 2961 multi
1414 2919 1522 2982 pro
1564 2923 1671 2962 uno
1710 2901 1896 2964 Sullae
1937 2901 2105 2980 exsti-

101 2979 212 3060 tiffe.
342 3002 409 3041 ta
450 2978 665 3048 nullum
697 2978 866 3040 alium
900 2980 1081 3041 civilis
1111 2980 1244 3041 belli
1263 2978 1436 3061 finem
1454 3026 1473 3054 ,
1492 2983 1497 2990 ’
1516 2980 1627 3062 ,nist
1646 2985 1887 3045 eumdem
1914 3004 1969 3043 et
1997 2988 2104 3044 im-

97 3067 250 3143 perii,
301 3061 543 3145 sperari
574 3059 737 3141 P0ffi·
824 3062 1012 3145 Igitur
1046 3081 1367 3146 magnopere
1398 3064 1465 3145 ft
1497 3064 1767 3146 consulere
1800 3064 2066 3127 Patribus
2082 3107 2103 3142 ,

96 3165 181 3218 ut,
225 3144 569 3225 recipiendis
601 3148 660 3203 in
691 3147 965 3203 civitatem
982 3187 1000 3220 ,
1047 3144 1414 3225 abolendaque
1449 3166 1634 3206 eorum
1666 3167 1828 3221 noxa,
1847 3205 1853 3212 ,
1871 3152 1964 3229 qui
1998 3148 2106 3216 Le-

94 3229 267 3307 pidum
289 3227 533 3309 sequuti
567 3242 742 3305 nuper
769 3222 936 3304 essent
952 3269 969 3299 ,
1030 3231 1338 3289 minuerent
1369 3227 1538 3306 hostes
1564 3234 1779 3310 patriae
1800 3271 1820 3302 ‚
1875 3229 2105 3289 darent-

95 3329 184 3390 que
218 3303 539 3389 exemplum
577 3306 841 3381 omnibus,
887 3312 1090 3368 nemini
1126 3329 1371 3368 errorem
1432 3331 1559 3369 uum
1579 3310 1808 3394 fraudi,
1841 3308 1945 3391 fid
1976 3330 2107 3369 tan-

98 3411 198 3450 tum
233 3391 607 3473 pervicaciam
628 3387 763 3468 fore
782 3410 800 3445 .·
859 3410 1028 3471 neque
1058 3390 1311 3471 sinatum
1349 3411 1383 3449 a
1405 3395 1488 3451 ios
1520 3391 1834 3453 habiturum
1869 3410 1975 3473 pro
2008 3391 2107 3450 ho-

87 3470 242 3548 stibus
262 3516 280 3546 ,
347 3490 523 3554 quam
570 3474 664 3549 qui
712 3469 991 3530 conciliari
1035 3477 1249 3553 patriae
1294 3471 1494 3534 nolint.
1575 3471 1816 3533 Nullum
1866 3467 2108 3534 validiui

95 3554 160 3614 ad
175 3552 579 3632 stabiliendam
608 3570 786 3632 pacem
823 3552 1196 3627 adjumentum
1208 3554 1379 3637 sore-
1410 3573 1535 3615 nam
1567 3552 1749 3616 eadem
1784 3571 1948 3634 opera
1975 3553 2107 3613 Ser-

101 3640 262 3709 torio,
325 3654 389 3695 et
440 3638 537 3715 qui
578 3633 675 3693 alii
716 3653 869 3694 arma
910 3639 1217 3710 retineant,
1265 3656 1511 3720 magnam
1536 3640 1743 3718 virium
1766 3647 1982 3715 partem
2010 3636 2108 3695 de-

98 3715 387 3798 ceffiaram‚·
438 3734 496 3775 et
537 3715 772 3775 eamdem
790 3758 807 3788 ‚
852 3716 925 3776 ad
962 3716 1343 3800 rempublicam
1381 3717 1695 3799 acceffuram
1733 3714 1853 3796 effe.

202 3849 388 3909 XXI.
458 3847 802 3921 Ceterum,
848 3843 1181 3929 postquam
1220 3843 1301 3909 ad
1337 3846 1702 3911 Sertoriani
1731 3846 1894 3909 belli
1923 3867 2104 3909 men-
2163 3835 2473 3891 Sertoriani

99 3929 333 3993 tionem
372 3928 796 4020 acceffimus,
845 3929 1021 4013 quod
1060 3929 1171 3990 illa
1210 3929 1586 4015 tempestate
1620 3928 1820 4013 longe
1855 3931 2105 4013 gravis·
2132 3908 2263 4029 2:¹5&
2301 3909 2465 3977 ”¹⁸85-

156 4117 233 4174 Ca
282 4157 302 4174 .
332 4117 560 4172 XVIII.
599 4116 648 4171 A
694 4073 856 4197 piati.
894 4115 1011 4174 Jul.
1049 4117 1411 4192 Exuperant.
1462 4087 1708 4178 Suet'on.
1765 4093 1936 4176 (iaec.
1969 4132 2021 4175 c.
2051 4114 2108 4174 ὅ.

103 4182 210 4244 mv.
294 4187 427 4261 pit.
467 4181 607 4245 sall.
702 4186 787 4242 ist.
814 4188 872 4253 3,
908 4192 990 4258 ¹4·
1031 4185 1276 4246 Sueten.
1314 4189 1388 4246 A.
1420 4185 1576 4253 fiell.
1612 4187 1696 4253 13,
1724 4186 1779 4254 3,
1818 4241 1851 4270 ,1
1924 4227 1941 4254 ,

1515 4257 1650 4331 82
