2717 4667
490 244 613 309 256
674 243 1239 310 FRE1NSHEMII
1272 239 2444 347 suPPLEMEN'ronUMLm-,mw

174 454 467 522 11.e.671.
496 451 714 532 Sullae
758 451 975 514 literis
1027 466 1095 514 et
1144 456 1707 518 senatusconsulto
1752 453 2076 537 acceptis,
2143 451 2232 515 exf
2263 454 2476 518 Sicilia

172 524 247 580 A·
274 523 346 583 C·
372 524 471 591 81·
494 534 961 608 transmiserat.
1056 535 1177 596 Cn.
1226 536 1405 597 enim
1441 536 1769 608 Domitius
1810 536 2285 599 Ahenobarbus
2327 556 2476 620 pro·

496 616 804 698 scriptus,
827 615 1006 693 (erat
1036 617 1212 678 enim
1240 617 1483 679 Cinnae
1505 619 1743 700 gener)
1770 623 1875 680 ma
1915 639 2005 678 na.
2029 617 2123 679 ibi
2155 639 2344 679 manu
2375 637 2478 679 co-

490 710 653 769 ncta,
684 697 1061 781 priusquam
1085 697 1290 781 magis
1319 696 1839 771 confirmaretur,
1916 698 2294 759 ebellandus
2323 711 2476 769 erat,
2579 717 2583 730 ¹

491 798 578 841 ne
619 798 843 861 pacem
878 779 1102 840 ltaliae
1134 780 1468 852 turbaret,
1522 780 1699 865 quod
1736 793 1817 841 ex
1852 778 2079 842 eadem
2109 779 2380 861 regione
2412 780 2479 841 C.

492 861 742 942 Marius
778 879 911 921 non
944 859 1035 922 ita
1116 860 1350 933 ridem,
1398 862 1594 946 longe
1625 861 1986 923 minoribus
2016 861 2228 957 copiis
2262 859 2482 923 instru-

498 955 644 1004 ctus
665 943 693 1014 ‚‘
727 941 995 1003 fecerat.
1143 942 1474 1026 ompeius,
1519 943 1792 1015 relicto,
1839 944 2259 1028 qui-Similae
2298 962 2482 1027 prae-

499 1023 691 1095 effet,
736 1027 1074 1095 Memmio,
1123 1025 1376 1086 sororis
1424 1046 1578 1087 suae
1622 1027 1798 1097 viro,
1856 1044 2003 1085 cum
2037 1024 2309 1088 navibus
2348 1025 2485 1086 lon·
2572 1073 2579 1078 „

503 1105 606 1188 gis
639 1118 897 1170 centum
927 1105 1163 1187 viginti
1198 1105 1456 1186 trajecit
1491 1108 1749 1190 copias,
1795 1093 2222 1191 sequentibus
2263 1126 2486 1169 onera-

502 1187 627 1247 riis
667 1186 1382 1272 octingentiS,yquibus
1418 1204 1846 1262 commeatum,
1891 1210 2100 1260 arma,
2193 1189 2490 1253 ecuniae·

504 1288 672 1356 que,
734 1281 802 1329 et
841 1268 1175 1333 machinae
1220 1269 1664 1353 portabantur.
1764 1273 1961 1332 Parte
2015 1272 2110 1332 cla
2165 1294 2223 1333 ιε
2271 1272 2491 1344 Uticae

502 1363 767 1434 portum
797 1363 1083 1423 tenente,
1126 1366 1311 1435 parte
1344 1352 1797 1434 Carthaginem
1829 1374 1907 1435 ap
1958 1353 2116 1425 ulsa,
2164 1353 2356 1414 simul
2384 1351 2491 1413 ad·

503 1416 1049 1515 effe'Pompejum
1083 1432 1466 1517 percrebuit
1488 1475 1506 1505 ‚
1572 1447 1824 1516 septem
1866 1456 1900 1493 a
1989 1455 2137 1497 eum
2173 1435 2378 1496 millia
2413 1433 2492 1495 ab

500 1510 789 1575 hostibus
855 1514 1295 1584 desciverunt.
1378 1515 1526 1600 ipse
1579 1517 1699 1578 sub
1751 1516 1958 1600 signis
2022 1535 2139 1579 sex
2193 1516 2492 1603 legiones

508 1595 735 1679 plenas
783 1593 1080 1658 habebat.

191 1725 487 1783 Exercitus
634 1721 803 1785 xlx,
864 1722 997 1785 Sed
1037 1720 1288 1783 inutilis
1337 1719 1402 1786 ei
1441 1739 1566 1804 per
1603 1719 1850 1802 aliquot
1897 1718 2042 1781 dies
2089 1720 2418 1784 exercitus
2465 1741 2500 1783 a

141 1795 460 1882 Ppnfpejam·
510 1801 790 1864 ridicula
839 1805 1045 1866 causs'a
1095 1804 1243 1864 fuit.
1325 1804 1529 1865 Forte
1569 1801 1848 1861 militum
1888 1801 2148 1885 quidam
2193 1802 2504 1865 defoss‘am

141 1868 386 1947 '‘amq“
403 1881 483 1916 ⁰⁶·
514 1885 671 1945 olim
712 1886 779 1943 in
817 1906 974 1969 agro
1008 1885 1351 1970 pecuniam
1382 1895 1788 1967 repererant.
1859 1903 1934 1944 ea
1982 1884 2149 1948 fama
2199 1904 2320 1968 per
2365 1898 2503 1946 tota

144 1946 384 2006 ‘uum‘
513 1965 706 2027 castra
742 1984 1171 2050 pervagante,
1234 1986 1491 2028 omnem
1532 1966 1673 2026 eam
1707 1964 2045 2047 regionem
2082 1968 2337 2050 plenam
2372 1967 2502 2028 ess'e

453 2107 457 2111 .
502 2047 858 2120 thesauris,
905 2071 1101 2132 quum
1135 2049 1378 2109 Punica
1422 2067 1532 2109 res
1569 2045 1876 2117 floreret,
1922 2047 2348 2120 absconditis»,
2400 2049 2502 2109 di·

506 2143 679 2189 ctum
723 2130 912 2190 simul
952 2132 1146 2215 vulgo
1184 2130 1637 2212 creditumque
1672 2127 1778 2191 est.
1847 2129 2002 2191 Inde
2035 2129 2198 2191 nihil
2233 2130 2503 2192 videres

477 2209 723 2285 ⁴aliud,
786 2212 916 2272 nisi
976 2212 1193 2296 sparsa
1241 2232 1364 2296 per
1417 2231 1679 2293 campos
1737 2211 1988 2291 agmina
2041 2210 2502 2274 effodientium

507 2293 1004 2376 eruentiumque
1059 2295 1369 2358 humum:
1420 2312 1635 2376 neque
1694 2291 1926 2354 abduci
1973 2293 2050 2354 ab
2092 2292 2213 2354 hac
2254 2294 2503 2356 insania

506 2374 637 2435 nlla
672 2375 737 2436 vi
774 2391 882 2436 aut
918 2390 1055 2442 arte
1084 2389 1404 2459 poterant.
1451 2374 1823 2458 complures*
1852 2374 1939 2435 ita
1977 2374 2117 2437 dies
2153 2376 2497 2459 absumpti,

508 2457 950 2519 circumeunte
998 2457 1348 2541 PompejO,
1409 2470 1531 2519 nec
1575 2470 1840 2519 tenente
1881 2456 2116 2531 risum,
2179 2457 2356 2541 quod
2404 2471 2505 2530 t9t

491 2539 710 2599 ⁴millia
759 2539 1090 2602 hominum
1138 2539 1547 2624 iuvet-,tendis
1593 2539 1768 2622 agris
1797 2580 1814 2611 ,
1888 2552 2208 2621 tamquam
2249 2541 2350 2600 rei
2399 2559 2506 2608 sef-

505 2621 685 2694 riae,
730 2622 1105 2684 incumbere
1138 2621 1470 2684 cernebat.
1555 2621 1878 2694 Tandem,
1921 2620 2100 2681 inani
2131 2620 2356 2683 labore
2389 2620 2510 2683 de-

506 2700 801 2786 fatigati,
851 2704 1152 2766 dixerunt
1186 2702 1538 2787 Pompejo‚
1599 2706 1683 2762 uti
1710 2704 1814 2784 fi'v
1855 2722 1961 2784 quq
1997 2702 2196 2776 vellet,
2242 2704 2511 2763 duceret:

493 2784 640 2865 sads
681 2805 900 2869 magnas
932 2785 996 2867 se
1023 2786 1297 2863 stultitiae
1328 2788 1460 2867 μαι»
1495 2802 1693 2866 peenas
1735 2783 1957 2868 fiedtffi·

178 2926 453 2982 frum„
632 2911 776 2978 XX.
824 2909 1012 2970 Circa
1049 2910 1296 2971 Uticam
1346 2920 1622 2993 uterque
1665 2909 1992 2970 exercitus
2038 2907 2106 2969 in
2144 2906 2284 2969 acie
2319 2905 2514 2970 adsti-

124 2994 484 3067 Pompey‘icum
511 2992 626 3065 tit,
672 2992 839 3053 valle
875 3005 1117 3052 tantum
1150 2990 1539 3073 interposita
1575 2989 1798 3075 aspera
1837 3004 1904 3052 et
1936 2988 2015 3050 ad
2044 2989 2529 3067 transeundum,

121 3064 383 3119 Dmfflst·
512 3072 815 3144 difficili„
884 3072 988 3136 Ob
1024 3094 1161 3135 eam
1190 3094 1351 3144 rem,
1402 3085 1469 3133 et
1500 3072 1647 3156 quia
1677 3087 1908 3135 ventus
1942 3071 2219 3134 imbrem
2253 3069 2511 3147 ferenS,

512 3173 549 3215 a
586 3155 799 3237 primo
835 3177 1025 3218 mane
1062 3168 1281 3227 ortuS,
1339 3173 1425 3215 ne
1471 3168 1789 3238 provecto
1845 3152 2109 3238 quidem
2157 3153 2262 3215 die
2310 3154 2517 3216 cessa»

511 3237 654 3309 bat,
716 3225 1083 3309 Domitius,
1148 3250 1281 3297 tum
1331 3236 1651 3319 temporis
1705 3236 1971 3297 minime
2020 3250 2373 3319 pugnatum
2423 3236 2517 3296 iri

510 3331 725 3391 ratus,
773 3319 1030 3402 signum
1062 3319 1363 3402 receptui
1399 3316 1601 3379 dedit.
1661 3319 1863 3381 Hanc*
1888 3337 2065 3378 suam
2100 3318 2522 3379 occasionem

510 3398 864 3484 Pompeius
952 3400 1213 3462 rudenti
1259 3397 1535 3462 consilio
1577 3415 1792 3473 ratus,
1855 3398 2165 3460 continuo
2208 3398 2523 3461 transdu-

508 3481 607 3542 xit
658 3503 849 3553 suos,
905 3422 1324 3565 {ostibusque
1368 3481 1583 3542 incom
1637 3481 1826 3543 ositis
1882 3493 1950 3544 et
1989 3478 2283 3560 disjectis
2325 3480 2520 3542 incu-

508 3554 669 3627 buit.
716 3569 779 3625 at
815 3559 918 3626 illi
949 3577 1147 3626 vento
1230 3584 1447 3648 noque
1483 3504 1941 3635 turbabantur,
1987 3563 2137 3643 qui,
2186 3562 2522 3645 compulsa

266 3663 275 3694 ι
509 3638 580 3703 in
615 3666 731 3706 ora
772 3646 1128 3729 oculosque
1160 3585 1416 3729 pluvia,
1464 3643 1879 3729 conspectum
1918 3644 2334 3727 auditumque
2371 3643 2520 3704 adi·-

483 3721 746 3789 .mebat.
833 3725 970 3789 Nec
1005 3749 1081 3789 ex
1132 3749 1238 3789 ers
1275 3722 1465 3807 hujus
1501 3725 1901 3789 incommodi
1922 3726 2085 3786 Pom
2136 3726 2356 3807 ejanus
2394 3745 2520 3787 ex-

508 3803 755 3871 ercitus
796 3822 974 3871 erat:
1048 3831 1082 3869 a
1133 3830 1342 3894 eoque
1389 3807 1516 3869 dux
1567 3807 1715 3891 ipse
1765 3827 1993 3892 parum
2039 3829 2075 3868 a
2123 3802 2285 3879 fuit,
2349 3807 2524 3903 quin

1581 3911 1595 3938 ·‘
2246 3907 2424 3951 occi-

471 4076 717 4199 ·P13?p⁹
754 4077 969 4135 XVIII.
1027 4078 1201 4133 Oros.
1233 4072 1430 4158 5‚.·24.
1482 4071 1640 4136 mut.
1731 4031 1878 4153 cap}
1922 4080 2047 4136 XX·
2102 4078 2277 4133 Oros.
2318 4076 2388 4146 ὅ,
2427 4092 2528 4133 21.
