2717 4667
548 223 672 289 “86
725 185 1287 290 memsnmun
1318 192 2139 316 SUPPLEMENTORUM
2182 213 2329 274 Lm.
2348 167 2588 276 xmv.

243 440 328 504 Β.
362 460 414 499 e.
443 441 568 500 665.
594 432 797 494 multo
835 431 1047 490 minus
1083 427 1311 488 decem
1340 424 1629 502 millibus
1652 466 1669 498 ,
1709 421 2006 503 reliquos
2041 418 2121 480 ad
2161 418 2338 501 ipsas
2372 438 2590 500 usque
2684 465 2689 476 .

146 585 147 590 χ
257 510 532 579 Avo-87·
596 526 822 597 portas
879 510 1061 570 urbis
1112 506 1446 591 insequuti
1501 520 1668 568 sunt.
1753 504 1996 573 Cinna,
2073 521 2265 588 quum
2318 513 2593 595 praeter

364 600 411 616 ‘'
602 592 1119 676 expectationem
1179 610 1356 650 suam
1420 588 1603 648 fusos
1648 586 2035 666 fugatosque
2088 604 2122 642 a
2161 580 2594 666 paucioribus

603 672 843 737 mult'os
889 671 1185 744 videret,
1245 691 1369 753 per
1407 669 1634 729 urbem
1688 665 2131 736 discurrebat,
2189 662 2467 726 servitia
2504 660 2596 723 ad

599 757 846 841 pileum
898 755 1162 815 vocans.
1251 751 1422 823 Sed,
1492 750 1840 811 accedente
1883 748 2177 819 nemine,
2237 745 2467 827 pulsus
2507 744 2598 804 ab

602 834 1024 922 optimatibus
1061 836 1152 895 *in
1205 832 1610 915 Campaniam
1666 829 2032 908 contendit,
2089 846 2312 890 omnes
2338 868 2355 900 ,
2424 847 2599 909 quas

604 919 668 980 in
702 917 942 994 itinere
983 917 1266 987 adierat,
1295 914 1512 978 ¹urbes
1553 913 1948 982 cohortium,
1996 930 2059 972 ut
2073 912 2180 988 jus
2205 911 2443 988 ctviratis
2478 930 2600 971 nu..

596 1016 701 1080 per
743 1016 1009 1077 acceptum
1054 1002 1181 1057 totis
1219 999 1409 1074 animis
1461 1014 1783 1066 tuerentur,
1857 997 2204 1073 pecuniasque
2247 988 2596 1068 conferrent.

603 1082 752 1145 Hoc
802 1078 979 1163 apud·
1020 1079 1366 1149 Tiburtes,
1427 1091 1509 1139 et
1547 1072 2039 1149 Praenestinos,
2103 1063 2402 1145 et‘alios}
2472 1071 2605 1156 qui

603 1162 684 1227 ed
725 1163 956 1232 Nolam
1005 1181 1210 1249 usque
1253 1159 1515 1236 colunt,
1558 1159 1713 1244 egit.

261 1323 578 1405 &Sinori-
722 1324 834 1389 IV.
880 1325 1105 1405 Neque
1167 1322 1479 1384 senatorii
1525 1319 1781 1385 ordinis
1835 1320 1964 1384 viri
2014 1317 2386 1397 adjuvandis
2434 1318 2608 1380 Cin-

170 1447 184 1481 ,
226 1426 296 1490 “f
313 1409 574 1489 Sullae-o·
600 1425 721 1471 nae
780 1404 1034 1487 coep'tis
1087 1402 1395 1479 deerant,
1435 1406 1513 1486 C.
1559 1403 1866 1465 Milonius
1901 1417 2046 1463 ante
2078 1401 2239 1462 alios
2268 1442 2285 1474 ,
2331 1402 2403 1462 C.
2448 1405 2607 1462 Ma-

226 1477 315 1532 ‘²⁸⁶
343 1479 416 1529 “a
444 1477 572 1529 ΒΜ·
601 1489 776 1560 rius‚
821 1505 1055 1569 magno
1094 1486 1195 1546 illi
1238 1480 1475 1547 Mario'
1500 1506 1577 1548 co
1627 1485 1942 1557 nominis,
1991 1498 2057 1545 et
2096 1482 2179 1546 ob
2220 1482 2608 1546 tribunatus

170 1603 175 1606 -
225 1562 354 1670 22⁰*
388 1557 574 1603 ‘'⁰¹⁰'’
601 1571 930 1653 repulsam
968 1565 1264 1629 infensus
1314 1568 1531 1645 Sullae
1645 1612 1661 1628 .
1694 1567 2053 1628 Sertorius.
2138 1568 2297 1625 Nam
2330 1562 2470 1648 post
2500 1567 2609 1627 A-

168 1690 173 1692 Α
279 1650 296 1670 ’
600 1651 826 1738 tiniam
882 1650 1094 1731 legem
1151 1663 1489 1712 senatores
1544 1650 1936 1711 tribunatum
1985 1645 2197 1730 plebis
2243 1647 2608 1728 petebant:

602 1754 798 1817 quum
860 1730 1213 1818 antiquitus
1287 1746 1512 1792 contra
1572 1731 1790 1792 fuisset
1810 1772 1829 1802 ,
1908 1731 2059 1813 quia
2115 1742 2252 1789 tum
2302 1728 2608 1792 tribunis

599 1815 818 1902 plebis
859 1813 1105 1878 intrare
1155 1813 1397 1874 curiam
1442 1834 1573 1875 non
1605 1813 1880 1884 licebat,
1928 1811 2046 1872 sed
2079 1808 2407 1871 subselliis
2442 1826 2613 1875 ante

466 1921 470 1928 ·
516 1921 528 1928 ,.
601 1897 822 1957 valvas
879 1893 1117 1977 positis
1190 1896 1482 1955 consulta
1537 1909 1794 1955 senatus
1835 1892 2297 1974 examinabant.
2382 1892 2614 1974 Igitur

605 1977 985 2048 Sertorius,
1043 1975 1219 2053 Sulla
1261 1978 1529 2037 consule
1567 1976 1959 2038 tribunatum
2004 1988 2271 2053 petens,
2320 1973 2438 2035 illo
2481 1976 2614 2037 ad..

572 2065 950 2128 'versante‚
1021 2057 1259 2139 cupitis
1300 2058 1652 2120 exciderat.
1741 2078 1956 2140 neque
2002 2057 2172 2118 enim
2220 2056 2614 2120 conducere

606 2140 744 2206 suis
796 2138 994 2201 rebus
1037 2138 1215 2199 Sulla
1272 2140 1737 2212 arbitrabatur,
1808 2153 1916 2212 ut,
1988 2159 2176 2221 quam
2215 2133 2614 2222 deprimere
2705 2145 2706 2148 ’

604 2219 983 2307 potestatem
1033 2220 1381 2301 cupiebat,
1483 2225 1624 2284 eam
1685 2221 1831 2286 viro
1897 2222 2032 2281 acri
2080 2233 2273 2302 atque
2338 2218 2620 2285 diserto

607 2301 930 2368 committi
994 2312 1351 2382 pateretur.
1420 2303 1723 2398 ,Quippe
1767 2304 2101 2364 Sertorius
2157 2303 2244 2363 ita
2293 2316 2619 2370 versatus

490 2449 505 2456 ,
605 2385 673 2447 in
731 2385 881 2448 foro
931 2381 1183 2454 fuerat,
1261 2399 1333 2446 ut
1377 2386 1586 2448 adhuc
1650 2384 2171 2446 adolescentulus
2220 2384 2618 2463 nonnullam

605 2467 677 2530 in
719 2466 883 2530 urbe
927 2465 1286 2546 potentiam
1335 2468 1583 2530 caussis
1633 2466 1902 2549 agendis
1952 2480 2374 2549 comparatam
2424 2465 2621 2528 obti-
2705 2511 2706 2514 ,

606 2561 836 2624 neret3
898 2559 963 2607 et
1017 2543 1232 2628 postea
1284 2564 1578 2622 senator,
1653 2550 1711 2609 si
1755 2549 1965 2610 claros
2012 2561 2308 2608 oratores
2345 2568 2617 2629 paucos

587 2629 935 2711 excipias,
993 2647 1067 2687 ea
1114 2626 1579 2691 existimatione
1642 2643 1904 2710 ageret,
1972 2643 2043 2689 ut
2084 2649 2213 2688 non
2249 2628 2411 2690 alius
2454 2629 2617 2711 ejus

612 2710 864 2773 ordinis
904 2707 1180 2773 solutius
1223 2712 1601 2801 acutiusque
1642 2710 1866 2777 dicere
1906 2723 2265 2798 putaretur.

262 2892 588 2945 cinnamon.
732 2873 817 2936 V.
863 2871 1204 2967 Ceterum,
1286 2894 1480 2956 quum
1542 2897 1621 2938 ex
1677 2877 1842 2939 urbe
1903 2875 2105 2936 Cinna
2201 2872 2564 2956 rofugiss'et
2599 2922 2621 2954 ‚

234 2965 452 3014 tutatus
490 2963 587 3015 ab·
616 2968 877 3019 senatus
923 2975 1027 3025 ei,
1111 2955 1288 3036 quod
1348 2958 1811 3041 rempublicam
1866 2957 2094 3019 consul
2149 2956 2566 3019 'eseruisset
2600 3005 2622 3033 ,

155 3053 164 3064 ”
237 3044 485 3103 rogatur.
537 3043 543 3052 '
616 3051 683 3099 et
730 3035 810 3096 ad
842 3034 1207 3097 libertatem
1247 3040 1530 3101 vocafl'et
1569 3040 1872 3112 servitia,
1929 3035 2355 3120 magistratum
2402 3038 2627 3102 abro..

615 3119 792 3262 {avit
814 3160 844 3190 ,.
877 3118 948 3177 in
985 3117 1202 3176 locum
1238 3120 1378 3200 ejus
1417 3125 1493 3182 L.
1535 3121 1841 3182 CorneHo
1882 3120 2130 3181 Merula
2156 3162 2172 3191 ,
2220 3119 2331 3202 qui
2363 3117 2627 3186 flamen

681 3200 826 3260 ialis
843 3213 1006 3269 erat,
1031 3197 1326 3261 suffecto.
1355 3203 1479 3265 His
1495 3203 1694 3266 Cinna
1713 3202 2088 3287 compertis,
2106 3221 2298 3285 quum
2318 3201 2630 3283 Capuam

614 3282 920 3352 veniffet,
983 3279 1097 3340 ubi
1143 3280 1268 3364 Ap.
1309 3284 1565 3346 Claudii
1613 3286 1938 3346 exercitus
1986 3298 2162 3357 erat,
2230 3282 2628 3351 conciliatis

619 3363 750 3425 sibi
800 3361 1125 3433 tribunis,
1194 3377 1262 3425 et
1315 3380 1635 3451 quotquot
1687 3366 1862 3428 forte
1906 3361 2011 3426 ab'
2046 3365 2210 3425 urbe
2259 3378 2630 3432 senatores

615 3445 924 3519 aderant,
1001 3445 1331 3509 consulari
1388 3448 1611 3516 babitu
1666 3446 1736 3508 in
1794 3448 2127 3532 publicum
2179 3441 2574 3531 progressus
2604 3495 2625 3526 ,

613 3549 764 3589 mox
806 3525 1098 3621 profusis
1140 3527 1394 3593 abunde
1430 3530 1771 3606 lacrumis,
1818 3527 2178 3593 discedere
2203 3548 2347 3591 cum
2397 3528 2629 3594 fasci..

611 3608 735 3670 bus
782 3610 1056 3671 hetores
1093 3606 1297 3690 juffit.
1851 3632 1864 3642 ‘

613 3864 617 3866 λ
680 3793 825 3865 Cap.
857 3795 963 3848 111.
1011 3792 1267 3866 Appian.
1311 3794 1537 3852 Auctor
1577 3796 1649 3853 de
1683 3796 1825 3852 viris
1855 3797 2055 3852 illustr.
2079 3785 2217 3851 ‘'Liv.
2246 3797 2292 3849 E
2339 3797 2403 3851 it.
2436 3801 2598 3857 Vell

614 3881 667 3920 2.
706 3880 794 3918 ιο.
839 3865 930 3937 Ap
977 3862 1094 3918 ian.
1156 3864 1303 3937 cap.
1335 3865 1441 3919 lv.
1482 3866 1634 3920 Plut.
1671 3868 1738 3919 A.
1783 3867 1932 3924 ceu.
1976 3870 2056 3934 14.
2085 3867 2141 3921 8.
2177 3815 2511 3923 Valf'Max.
2558 3843 2626 3930 ,ζ

614 3953 673 4015 ²⁰.
693 3933 846 3987 Plut.
873 3881 1045 4015 ‘Plut.
1081 3932 1311 4014 §erton
1340 3952 1392 3986 c.
1431 3935 1483 3990 3.
1517 3936 1646 4018 cic.
1674 3938 1893 4017 bru-to,
1934 3954 1985 3991 c.
2020 3936 2104 3998 48.
2178 3938 2322 4005 C'ap.
2361 3940 2434 3991 V.
2479 3940 2637 4013 Ap..

612 4000 1550 4155 Rssssi'affinfiivEIssssitARssssfande
1589 4024 1734 4062 viris
1789 4004 1987 4064 illustr.
2026 4005 2175 4067 Plut.
2227 4008 2376 4065 Mar.
2416 4025 2471 4064 c.
2509 4013 2630 4084 69.
