2717 4667
526 209 616 273 m
657 205 957 274 Locum
997 210 1161 278 Lm.
1211 208 1502 272 Lxxnx,
1542 209 1766 277 mvn.
2044 225 2121 289 «μ

156 420 286 513 reri,
311 436 502 557 m
526 436 614 488 ut,
653 433 761 495 pro
806 418 1072 512 continuis
1107 377 1383 475 laboribus
1412 436 1473 477 ac
1503 414 1759 513 perifult'f
1775 414 1917 496 fleis,
1968 413 2119 476 ludi.-
2173 408 2248 536 ῙΔΊ·
2266 428 2321 538 ὅ·
2341 409 2464 537 6ἒ5·

150 496 375 660 ,hem
416 600 517 640 ..n
524 496 922 658 mm.
943 495 2118 658 32‘5'5'1’..2:³5'„¹232‚22?²2“.23¹ffi53²¹“²5m‘
2229 515 2249 537 ’
2305 517 2335 566 2’
2400 499 2430 549 ⁷

274 683 471 746 xxn.
512 685 696 746 Haec
737 684 1029 758 Latinis,
1108 693 1175 747 et
1214 684 1273 748 si
1324 686 1438 769 qui
1490 683 1602 746 alii
1655 703 1779 769 pro
1815 683 2125 746 Romanis
2186 689 2408 760 lemque
2432 705 2494 742 a-

161 764 464 828 adversus
506 768 724 829 socios
771 764 1106 840 steterant,
1154 765 1556 830 dicebantur.
1640 773 1728 827 At
1762 765 1929 851 apud
1963 766 2125 828 alios
2150 756 2447 830 WP‘W'W'·

159 849 467 931 populos,
528 849 643 933 qui
694 849 932 933 positis
971 849 1164 911 armis
1214 849 1468 933 recepti
1507 849 1573 910 in
1616 847 1946 911 civitatem
1982 847 2129 909 fue-

158 942 326 1003 rant,
367 930 518 1012 plus
567 929 771 991 adhuc
806 931 1046 993 irarum
1085 935 1243 994 erat.
1329 929 1638 1014 Acceptis
1687 949 1898 1016 nuper
1925 928 2130 991 cladi-

158 1009 307 1086 bus,
374 1010 685 1090 nondum·
735 1011 817 1073 ad
873 1014 1246 1077 cicatricem
1300 1026 1690 1096 pervenerat
1734 1014 2003 1082 vulnus,
2062 1025 2129 1074 et

156 1109 351 1154 novae
398 1093 676 1176 injuriae
710 1116 909 1156 sensu
942 1096 1287 1158 violentius
1320 1093 1840 1156 recrudescebat.
1925 1096 2128 1155 Prae·
2191 1107 2453 1162 Diversus

157 1173 339 1258 cipue
363 1219 381 1248 ‚
475 1174 1125 1259 quorumpossremo
1176 1177 1452 1239 tumultu
1507 1175 1841 1238 interfecti
1885 1174 2126 1238 fratres
2150 1163 2445 1246 obcauffas.

156 1255 426 1318 liberive
482 1257 561 1318 ab
611 1257 987 1338 Octavianis
1043 1259 1338 1329 fuerant,
1401 1257 1721 1320 vindictae
1773 1257 2128 1341 cupiditate

154 1334 535 1423 flagrabant.‘
611 1340 745 1401 Sed
804 1356 868 1401 et
922 1327 1216 1412 exsules,
1281 1360 1556 1422 quorum
1605 1340 1958 1422 plerosque
1993 1360 2128 1400 non

157 1419 329 1481 aliam
375 1421 464 1482 oh
506 1440 796 1482 caussam
832 1422 995 1484 urbe
1037 1425 1265 1508 pulsos
1307 1420 1681 1495 credebant,
1727 1441 1915 1504 quam
1950 1419 2128 1505 quod

157 1499 370 1564 favere
423 1502 563 1563 illis
616 1517 1034 1586 putarentur,
1092 1505 1560 1589 quamprimum
1617 1501 1879 1579 reduci,
1936 1500 2126 1568 valde

158 1581 588 1646 existimabant
624 1584 706 1645 ad
743 1586 1029 1670 rationes
1069 1609 1215 1649 suas
1264 1586 1624 1671 pertinere.

262 1692 493 1753 xxm.
560 1689 775 1784 Quum
811 1694 921 1756 hic
964 1693 1246 1756 omnium
1281 1714 1512 1756 sensus
1547 1707 1746 1767 esset,
1788 1690 1961 1758 haud
1995 1689 2127 1754 dif-

160 1768 398 1835 ficulter
451 1774 757 1840 obtinere
798 1778 1000 1838 Cinna
1034 1776 1285 1861 potuit,
1352 1790 1423 1838 ut
1456 1775 1627 1839 dicta
1679 1798 1791 1838 sua
1827 1775 2125 1838 faventes
2227 1841 2234 1852 ‚

166 1856 563 1939 exciperent:
638 1857 957 1944 brevique
1007 1872 1305 1942 tempore
1351 1857 1832 1920 formidabilem
1876 1855 2125 1921 civitati

166 1938 499 2019 potentiam
544 1940 961 2023 comparavit.
1045 1944 1206 2002 Nam
1244 1960 1459 2025 neque
1499 1941 1639 2002 Itali
1674 1939 1967 2025 segniter
2006 1958 2125 2022 pe-

167 2020 392 2081 cuniam
445 2021 761 2105 virosque
817 2021 1249 2106 praebebant,
1307 2038 1373 2084 et
1421 2021 1787 2085 adfluebant
1837 2021 1915 2083 ab
1960 2019 2126 2083 urbe

165 2101 478 2183 quotidie,
623 2105 813 2166 uibus
885 2125 1198 2187 praesens
1271 2105 1644 2187 respublica
1713 2102 2123 2187 displicebat.

158 2180 433 2256 Idcirco,
482 2206 566 2246 ex
644 2186 959 2250 electibus
1003 2206 1321 2248 novorum
1349 2188 1588 2250 civium
1622 2186 1889 2283 triginta
1917 2185 1981 2246 le
2027 2183 2127 2248 io-

157 2264 328 2327 nibus
370 2265 674 2341 eflectis,
740 2283 811 2332 ut
855 2268 1301 2344 auctoritatem
1335 2281 1527 2353 atque
1612 2281 1837 2332 ranam
1873 2266 1995 2329 vir·
2048 2286 2127 2328 us

154 2345 447 2422 adderet,
533 2350 604 2411 C.
656 2350 930 2411 Marium
962 2364 1371 2434 ceterosque
1421 2371 1533 2411 exs
1607 2370 1678 2412 es
1718 2349 1799 2412 ad
1843 2367 2128 2412 commu-

156 2428 404 2492 nionem
451 2431 879 2493 consiliorum
932 2445 1000 2494 et
1039 2432 1181 2516 spei
1233 2432 1551 2495 evocavit.

262 2537 498 2600 XXIV.
554 2541 809 2613 lutere&
853 2540 969 2599 Cn.
1010 2536 1352 2611 Octaviae,
1412 2537 1488 2600 L.
1528 2537 1779 2599 Merula
1820 2533 2123 2598 eonsules
2188 2544 2444 2602 Consules·

161 2614 463 2679 adversus
521 2621 856 2702 provisam
910 2634 1041 2683 tem
1091 2618 1348 2682 estatem
1394 2617 1597 2680 fossis
1652 2616 2122 2700 moenibusque
2151 2617 2399 2671 muniunt

158 2699 531 2782 reparandis
567 2701 937 2764 muniebant
971 2723 1051 2763 ur
1099 2721 1239 2764 em:
1283 2699 1609 2763 machinas
1651 2700 1817 2762 locis
1856 2698 2122 2761 idoneis
2149 2688 2356 2742 ‘'⁶³⁸⁰-

159 2778 616 2865 disponebant:
686 2798 788 2855 et,
860 2782 1010 2868 quia
1061 2804 1192 2844 non
1245 2781 1648 2845 abundabant
1691 2781 1939 2866 copiis,
1984 2782 2123 2842 Mea

155 2864 436 2947 telloque
531 2867 719 2926 rocul
772 2880 1001 2948 agente
1060 2864 1256 2948 longa
1299 2884 1450 2950 spes
1509 2864 1894 2925 auxiliorum
1940 2875 2121 2936 erat,

154 2944 386 3007 circum
423 2968 502 3006 ur
554 2967 626 3009 es
668 2947 946 3031 imperio
980 2960 1285 3031 parentes
1328 2962 1396 3009 et
1435 2946 1504 3007 in
1541 2945 1929 3030 Cisalpinam
1971 2943 2126 3012 Gal-

155 3024 290 3088 liam
324 3027 721 3090 missitando
743 3072 759 3102 ,
806 3029 1160 3091 exercitum
1195 3026 1680 3092 contrahebant.

261 3110 473 3175 XXV.
519 3110 624 3171 Ad
658 3113 770 3173 Cn.
813 3131 1071 3195 quoque
1111 3110 1493 3195 Pompejum
1530 3109 1991 3194 proconsulem
2026 3105 2123 3174 le.-
2184 3105 2279 3191 03³·
2299 3104 2446 3186 1²⁰2*

155 3192 268 3272 gati
303 3192 607 3265 iverant,
655 3192 767 3276 qui
804 3183 1322 3254 ad'Adriaticum
1360 3210 1576 3262 mare,
1644 3190 1759 3251 ubi
1805 3189 2123 3273 reliquiae
2144 3192 2331 3294 9011‘37,
2372 3187 2431 3223 ‘⁸‘

157 3271 346 3336 adhuc
398 3273 777 3336 Italicorum
819 3278 909 3337 Μ.
944 3275 1301 3358 Lamponio
1327 3317 1344 3346 ‚
1413 3274 1515 3336 Ti.
1557 3272 1812 3356 Cleptio
1850 3270 2122 3332 ducibus
2149 3256 2425 3366 “5222“

152 3355 452 3437 agebant,
499 3355 826 3424 exercitui
864 3360 1157 3417 Romano
1201 3370 1523 3439 praeerat.
1610 3352 1742 3415 Sed
1778 3353 1929 3423 ille,
1973 3331 2175 3436 quia‘
2368 3346 2386 3364 ⁶

153 3434 483 3501 frustratus
526 3457 646 3521 spe
683 3436 1100 3500 continuandi
1144 3439 1514 3499 consulatus
1548 3436 1794 3507 fuerat,
1838 3431 2004 3493 nihil
2047 3434 2127 3494 ad

149 3518 649 3602 rempublicam,
710 3518 828 3582 sed
885 3519 965 3580 ad
1005 3539 1183 3581 suam
1214 3519 1561 3582 utilitatem
1604 3518 1815 3579 omnia
1854 3512 2127 3576 consilia

153 3601 485 3674 referens,
558 3600 650 3662 ita
689 3622 760 3663 se
802 3601 1069 3663 dubium
1116 3615 1183 3663 et
1227 3600 1401 3663 inter
1430 3616 1743 3693 utrosque
1779 3594 1922 3659 anci
1971 3595 2130 3656 item

149 3682 346 3763 gessit
368 3725 388 3758 ,
430 3698 506 3746 ut
547 3684 872 3748 Cinnanae
903 3683 1215 3758 factioni,
1259 3704 1447 3769 quam
1476 3683 1554 3745 ab
1591 3680 1783 3743 inuio
1815 3677 1941 3741 fact
1971 3676 2125 3739 lime

211 3870 355 3945 Cap.
386 3871 791 3928 xx111.‚P1ut.
822 3872 975 3927 Mar.
1020 3887 1021 3890 ’
1104 3870 1265 3943 pian.
1297 3869 1561 3938 Velleius
1580 3904 1599 3939 ,
1657 3883 1712 3923 ι.
1747 3884 1835 3923 ao.
1879 3863 2008 3921 Liv.
2053 3865 2131 3920 E-

150 3938 246 4010 pit.
318 3942 469 4012 Cap.
501 3942 713 3996 XXIV.
761 3940 810 3994 A
900 3938 1014 3993 ian.
1103 3939 1283 4022 allust.
1317 3939 1476 4021 apud
1522 3937 1822 4005 Servium,
1860 3935 2011 3991 Aen.
2045 3947 2130 3986 io.
2172 3989 2191 4023 ι

154 4010 787 4152 ἲξῖῗοόξοῄ.ῦοίξὲξι.
885 4012 1013 4069 XV.
1041 4009 1300 4085 Appian-
1325 4008 1506 4067 Diod.
1536 4006 1742 4082 Eclog.
1773 4006 1816 4064 l.
1849 4005 1939 4075 37.
1969 4001 2131 4062 Vell.
