2717 4667
426 265 430 274 ·
533 252 626 317 m
659 191 965 315 Locum
1007 251 1174 316 Lm.
1214 237 1446 320 xcvi·
1484 253 1710 323 mvn.
1894 229 1913 252 ²
2001 250 2127 319 353

141 457 253 532 cit,
296 472 370 521 ut
411 457 494 519 ad
531 458 833 543 gaudium
876 459 1017 539 ejus
1056 458 1190 522 diei
1226 457 1681 521 celebrandum
1718 459 2117 527 condiceret.
2181 453 2252 511 U·
2286 473 2335 513 θ·
2356 457 2484 515 680·

138 542 335 625 Igitur
382 540 796 624 discubuere.
889 542 1223 603 Sertorius
1271 539 1553 626 inferior
1590 542 1658 603 in
1693 542 1910 605 medio
1948 543 2122 607 lecto
2180 527 2350 583 &C-
2375 546 2467 601 7¹·

138 623 558 686 accubuerat:
618 643 813 706 supra
861 642 1008 684 eum
1047 624 1122 684 L.
1159 622 1401 684 Fabius
1438 623 1894 707 Hispaniensis
1935 645 2125 687 sena·

137 718 242 767 tor
279 724 363 766 ex
397 704 827 788 proscripti„
870 704 946 764 in
980 724 1230 766 summo
1271 716 1413 766 erat
1443 704 1762 767 Antonius
1784 748 1801 778 ,
1849 719 1914 767 et
1951 707 2124 769 infra

135 804 279 847 eum
312 785 535 849 scriba
569 785 851 847 Sertorii
883 786 1188 854 Versiusz
1230 786 1298 847 in
1337 782 1471 848 imo
1509 788 1723 850 scriba
1758 787 1923 849 alter
1943 793 2124 852 Mae-

135 887 326 1011 }enas
347 909 366 941 ,
425 865 680 929 medius
719 866 895 930 iuter
925 867 1334 952 Tarquitium
1370 881 1437 929 et
1473 866 1802 932 dominum
1834 869 2125 936 convivii

194 968 563 1033 erperuam.
2038 971 2045 982 ’

261 1054 346 1114 X.
390 1055 550 1116 Erat
581 1073 658 1115 ea
690 1057 885 1138 quum
910 1052 1191 1117 Sertorii
1219 1052 1547 1130 modestia,
1592 1068 1726 1118 tum
1764 1054 1930 1141 apud
1968 1075 2120 1118 suos
2180 1067 2454 1123 Sertorius

133 1136 485 1197 auctoritas
505 1176 523 1208 ,
582 1147 652 1197 ut
672 1153 704 1210 ,¹
756 1156 838 1197 eo
884 1133 1221 1222 praesente
1242 1177 1260 1210 ,
1326 1136 1697 1202 verecunda
1724 1147 1813 1199 ‘et
1863 1135 2121 1201 honesta
2145 1138 2496 1206 imrfidtur-

141 1218 351 1277 omnia
394 1215 633 1294 effent3
698 1216 912 1279 nullae
965 1229 1190 1301 turpes
1233 1215 1545 1293 facetiae,
1603 1219 1766 1281 nulli
1790 1220 2123 1282 ,clamores

137 1299 574 1382 tumultusque
608 1297 1005 1359 audirentur.
1090 1297 1224 1361 Sed
1255 1319 1335 1361 eo
1370 1314 1666 1383 tempore
1687 1344 1705 1374 ,
1763 1313 1833 1361 ut
1865 1299 2124 1363 initium

137 1379 422 1440 rixarum
454 1379 769 1461 conjurati
801 1379 1114 1453 facerent,
1166 1380 1522 1443 inconditis
1562 1382 1972 1444 sermonibus
2004 1401 2122 1465 ge-

138 1458 465 1544 stibusque
485 1501 505 1535 ,
571 1482 695 1545 per
756 1461 1228 1523 simulationem
1290 1462 1626 1525 ebrietatis
1646 1504 1663 1533 ,
1730 1460 2114 1546 strepebant.

141 1541 352 1636 Quum
389 1540 472 1603 ad
503 1542 663 1606 haec
700 1541 848 1617 ille,
911 1544 1054 1607 sive
1103 1542 1395 1606 offensus
1441 1544 1560 1607 hac
1602 1544 1903 1617 licentia,
1971 1545 2117 1607 sive

137 1636 419 1685 mentem
456 1642 681 1685 eorum
714 1623 1050 1699 divinans,
1108 1626 1289 1687 velut
1324 1625 1603 1687 animum
1645 1646 1775 1687 non
1817 1625 2118 1690 adverte-

140 1718 280 1776 ret,
341 1707 412 1767 in
454 1705 628 1767 lecto
654 1706 912 1785 ⁴jaceret
955 1707 1224 1790 supinus
1244 1727 1264 1785 3
1327 1709 1663 1791 Perperna
1705 1727 1953 1772 merum
1994 1727 2118 1791 po-

144 1786 383 1871 poscit,
428 1801 497 1849 et
532 1788 705 1849 inter
742 1781 1095 1849 biBendum
1130 1787 1378 1851 dimisit
1417 1808 1454 1851 e
1489 1788 1781 1851 manibus
1815 1788 2114 1873 phialam,

150 1870 261 1952 qui
294 1888 485 1929 sonus
517 1870 984 1953 perpetrandae
1020 1870 1237 1933 caedis
1275 1870 1535 1954 signum
1568 1852 1918 1952 conjuratis
1952 1883 2114 1942 erat.

156 1969 228 2010 ac
268 1947 459 2011 statim
495 1952 815 2013 Antonius
838 1993 855 2022 ,
913 1951 1025 2035 qui
1068 1952 1140 2012 in
1183 1953 1432 2018 summo
1474 1954 1649 2017 lecto
1689 1951 2135 2024 accumbebat,

149 2028 444 2094 destricto
473 2032 760 2117 pugione
793 2032 1161 2112 Sertorium
1191 2034 1539 2099 sauciavite
1585 2032 1826 2098 deinde
1856 2053 2134 2096 conver-

143 2113 340 2192 tentis
381 2133 452 2174 se
485 2111 564 2174 ad
597 2114 816 2186 ictum,
865 2127 930 2176 et
970 2134 1241 2210 surgere
1281 2117 1576 2179 conantis
1612 2135 1864 2178 manum
1893 2128 2134 2176 utram-

144 2215 270 2279 que
311 2195 662 2271 continuit,
708 2195 860 2278 dum
902 2217 939 2256 a
981 2196 1258 2281 reliquis
1295 2196 1756 2261 conficeretur.
1825 2194 2134 2259 Custodes

142 2277 445 2361 corporis
484 2273 657 2358 eiua,
720 2297 883 2361 quos
924 2296 1061 2339 sem
1109 2299 1184 2339 er
1220 2280 1395 2343 circa
1432 2301 1504 2341 se
1544 2278 1851 2364 habebat,
1900 2277 2133 2341 eodem

138 2372 468 2421 momento
504 2380 542 2420 a
572 2359 971 2446 praeparatis
1014 2381 1049 2420 a
1131 2360 1381 2423 facinus
1421 2361 1718 2446 occupati
1753 2371 1924 2422 sunt.

261 2467 373 2528 XI.
418 2468 510 2528 Ita
537 2465 870 2528 Sertorius
910 2466 1088 2527 exuit
1106 2464 1336 2540 vitam,
1382 2481 1677 2530 octavum
1702 2462 1842 2549 post
1864 2482 2118 2535 annum,
2180 2463 2475 2537 luperam·

139 2565 337 2690 guam
368 2547 491 2609 His
539 2547 677 2609 anis
716 2566 788 2608 se
824 2547 1053 2609 ducem
1094 2548 1414 2631 praehere
1451 2559 1795 2631 coeperat3
1854 2558 2122 2627 magnus
2145 2533 2488 2599 &senua

155 2635 301 2702 ,ux,'
341 2643 408 2692 et
444 2650 478 2690 a
523 2628 746 2694 versus
786 2627 948 2690 duos
983 2630 1071 2689 im
1122 2644 1439 2705 eratores,
1481 2626 1863 2712 Pompeium
1894 2646 1934 2688 e
2472 2636 2491 2657 ·

137 2712 408 2784 tellum,
472 2730 664 2794 saepe
707 2732 862 2794 par,
923 2711 1030 2773 vel
1102 2712 1484 2795 requentius
1530 2712 1778 2776 vietor:
1843 2705 1925 2770 ad
1971 2705 2126 2769 ulti-

135 2813 320 2853 mum
363 2791 653 2855 desertus
706 2806 774 2854 et
813 2791 1137 2876 proditus.
1220 2794 1569 2876 Imperium
1606 2792 1884 2876 partium
1922 2788 2003 2852 ad
2033 2792 2123 2849 M.

136 2876 546 2959 Perpernam
596 2874 970 2935 translatum
1025 2870 1148 2947 est,
1209 2873 1385 2957 quod
1434 2876 1626 2938 homo
1672 2892 1893 2934 vanus.
1924 2886 1990 2936 et
2026 2871 2131 2930 in-

139 2970 336 3039 eptus
382 2957 537 3019 olim
583 2955 1080 3039 concupiverat,
1140 2954 1307 3015 nihil
1350 2957 1417 3017 ei
1455 2954 1938 3041 praestiturum,
1997 2949 2131 3013 nisi

136 3050 245 3109 ut,
314 3050 617 3134 quantum
662 3035 892 3098 ducem
944 3049 1179 3121 quanto
1215 3037 1497 3102 inferior
1534 3040 1679 3121 ipse
1717 3035 2124 3109 sustulisset,

135 3118 650 3204 intelligeretur.

267 3226 412 3287 XII.
465 3223 602 3288 Nec
647 3238 863 3286 tamen
900 3222 1062 3287 illud
1112 3239 1240 3298 tam
1288 3223 1521 3287 infelix
1571 3224 1929 3307 praemium
1980 3220 2122 3283 sine
2182 3228 2470 3285 Exterritus

133 3307 567 3369 contentione
611 3306 943 3369 retulerat.
1015 3306 1383 3370 'Exercitus
1428 3303 1566 3390 post
1605 3305 1746 3367 indi
1836 3326 1937 3367 am
1966 3304 2122 3366 Ser·
2149 3298 2381 3354 S‘rtorfi
2413 3316 2503 3352 ⁹⁸0-

133 3389 302 3452 torii
348 3387 610 3451 caedem
632 3432 652 3463 ,
709 3388 809 3449 ira
845 3387 914 3449 in
951 3387 1572 3450 commiserationem
1611 3407 1728 3451 ver
1757 3408 1828 3461 a,
1886 3384 2255 3448 tumul-*⁶²¹⁸
2291 3383 2451 3439 aegra
2487 3399 2493 3404 ·

129 3470 476 3545 tuabatur‚
537 3470 844 3536 virtutem
890 3469 1092 3532 occisi
1139 3483 1207 3531 et
1248 3491 1361 3531 sua
1406 3470 1696 3553 pericula
1737 3465 2121 3552 reputando.
2136 3436 2185 3505 f
2174 3451 2237 3491 ’Υ
2235 3446 2282 3492 ¹’

131 3552 322 3613 Mille
360 3555 746 3633 experimentis
794 3551 1074 3633 corffltiffi
1089 3593 1107 3627 ,
1170 3551 1565 3632 quantumlibet
1602 3556 1872 3633 egregium
1913 3550 2125 3609 exerci-

115 3653 297 3709 -tum,
359 3651 535 3693 amoto
575 3633 707 3694 duce
726 3676 745 3706 ‚
803 3633 956 3694 velut
1001 3632 1255 3713 pulcrum
1305 3649 1534 3711 corpus,
1597 3632 1846 3714 adempto
1873 3629 2121 3720 spiritu,

129 3735 406 3776 marcere.
502 3716 684 3776 Unum
720 3715 804 3776 bis
844 3735 951 3776 tem
1019 3714 1172 3775 ribus
1195 3713 1366 3795 fiaiffi
1455 3757 1472 3774 .
1505 3715 1808 3775 Sertorium
1822 3753 1842 3786 ,
1885 3712 1981 3792 qui
2005 3707 2127 3789 fine

115 3796 372 3877 'opibus,
415 3793 537 3876 fine
571 3799 828 3876 pecunia,
865 3794 929 3876 fh
950 3814 985 3856 a
1019 3799 1233 3874 virtute
1260 3796 1429 3878 sabai
1453 3813 1554 3870 us,
1597 3792 1900 3855 terribilem
1935 3788 2127 3872 populi

130 3875 380 3940 Romam·
410 3881 728 3960 potentiam·
743 3895 847 3960 per
890 3896 974 3939 mc
1010 3896 1178 3941 amm
1197 3875 1563 3961 sustinmffit.
1648 3876 1946 3957 Pauperem
1961 3915 1980 3948 ,
2025 3890 2129 3932 ex-

171 4129 176 4130 ?
205 4063 365 4137 Cap.
394 4065 470 4119 X.
513 4062 668 4119 Plut.
705 4063 756 4118 A
842 4063 962 4120 iau.
1032 4062 1180 4137 Gap.
1211 4064 1315 4126 XI·
1349 4064 1480 4130 Liv,
1514 4061 1673 4138 Epit.
1712 4062 1959 4135 Eutrop.
1986 4058 2124 4130 ,Lim

129 4130 308 4206 Epit.
343 4133 496 4189 Plut.
568 4131 713 4205 Cap.
748 4081 877 4189 {PL
930 4133 1190 4205 Appiau.
1305 4163 1316 4174 ·
1426 4171 1437 4188 ι
1558 4159 1565 4168 ·
1640 4139 1649 4150 ‘
1776 4121 1852 4170 ⁹³⁴⁸

211 4218 544 4295 Supplem.
560 4217 688 4277 Liv.
720 4219 890 4278 Tem.
912 4217 1102 4279 XIII·
1665 4204 1730 4276 Z
