<?xml version="1.0" encoding="UTF-8"?>
<!DOCTYPE html PUBLIC "-//W3C//DTD XHTML 1.0 Transitional//EN"
    "http://www.w3.org/TR/xhtml1/DTD/xhtml1-transitional.dtd">
<html xmlns="http://www.w3.org/1999/xhtml" xml:lang="en" lang="en">
 <head>
  <title>
</title>
<meta http-equiv="Content-Type" content="text/html;charset=utf-8" />
  <meta name='ocr-system' content='tesseract 3.04.00' />
  <meta name='ocr-capabilities' content='ocr_page ocr_carea ocr_par ocr_line ocrx_word'/>
</head>
<body>
  <div class='ocr_page' id='page_1' title='image "./tliviipatavinih14unkngoog_0237.png"; bbox 0 0 2717 4667; ppageno 0'>
   <div class='ocr_carea' id='block_1_1' title="bbox 479 221 2134 340">
    <p class='ocr_par' dir='ltr' id='par_1_1' title="bbox 479 221 2134 340">
     <span class='ocr_line' id='line_1_1' title="bbox 479 221 2134 340; baseline 0.002 -50"><span class='ocrx_word' id='word_1_1' title='bbox 479 230 569 292; x_wconf 89' lang='lat' dir='ltr'><em>IN</em></span> <span class='ocrx_word' id='word_1_2' title='bbox 607 230 913 294; x_wconf 74' lang='lat' dir='ltr'><em>Loctm</em></span> <span class='ocrx_word' id='word_1_3' title='bbox 951 231 1115 292; x_wconf 88' lang='lat' dir='ltr'>LIB.</span> <span class='ocrx_word' id='word_1_4' title='bbox 1155 221 1565 297; x_wconf 74' lang='lat' dir='ltr'>LXXXVIII.</span> <span class='ocrx_word' id='word_1_5' title='bbox 1608 230 1837 340; x_wconf 66' lang='lat' dir='ltr'><em>mm.</em></span> <span class='ocrx_word' id='word_1_6' title='bbox 2018 232 2134 296; x_wconf 68' lang='lat'><em>231</em></span> 
     </span>
    </p>
   </div>
   <div class='ocr_carea' id='block_1_2' title="bbox 132 433 2273 925">
    <p class='ocr_par' dir='ltr' id='par_1_2' title="bbox 132 433 2273 525">
     <span class='ocr_line' id='line_1_2' title="bbox 132 433 2273 525; baseline 0.003 -29"><span class='ocrx_word' id='word_1_7' title='bbox 132 433 312 520; x_wconf 73' lang='lat' dir='ltr'><em>finum</em></span> <span class='ocrx_word' id='word_1_8' title='bbox 349 434 625 516; x_wconf 83' lang='lat' dir='ltr'><em>confistere</em></span> <span class='ocrx_word' id='word_1_9' title='bbox 641 482 661 513; x_wconf 89' lang='lat'>‚</span> <span class='ocrx_word' id='word_1_10' title='bbox 706 436 1061 520; x_wconf 79' lang='lat' dir='ltr'><em>infesttffimos</em></span> <span class='ocrx_word' id='word_1_11' title='bbox 1102 439 1338 499; x_wconf 83' lang='lat' dir='ltr'><em>Romane</em></span> <span class='ocrx_word' id='word_1_12' title='bbox 1385 442 1589 498; x_wconf 88' lang='lat' dir='ltr'><em>nomini</em></span> <span class='ocrx_word' id='word_1_13' title='bbox 1636 437 2140 525; x_wconf 83' lang='lat' dir='ltr'><em>bellicofiffimosque</em></span> <span class='ocrx_word' id='word_1_14' title='bbox 2201 434 2273 491; x_wconf 78' lang='lat' dir='ltr'><em>U·</em></span> 
     </span>
    </p>

    <p class='ocr_par' dir='ltr' id='par_1_3' title="bbox 149 511 2251 604">
     <span class='ocr_line' id='line_1_3' title="bbox 149 511 2251 604; baseline 0.002 -26"><span class='ocrx_word' id='word_1_15' title='bbox 149 538 201 578; x_wconf 89' lang='lat' dir='ltr'><em>et</em></span> <span class='ocrx_word' id='word_1_16' title='bbox 246 521 478 600; x_wconf 87' lang='lat' dir='ltr'><em>populos</em></span> <span class='ocrx_word' id='word_1_17' title='bbox 527 540 584 580; x_wconf 92' lang='lat' dir='ltr'><em>et</em></span> <span class='ocrx_word' id='word_1_18' title='bbox 627 524 809 580; x_wconf 86' lang='lat' dir='ltr'><em>duces.</em></span> <span class='ocrx_word' id='word_1_19' title='bbox 894 526 1074 601; x_wconf 82' lang='lat' dir='ltr'><em>Atque</em></span> <span class='ocrx_word' id='word_1_20' title='bbox 1115 520 1240 579; x_wconf 88' lang='lat' dir='ltr'><em>illos</em></span> <span class='ocrx_word' id='word_1_21' title='bbox 1272 521 1570 580; x_wconf 89' lang='lat' dir='ltr'><em>multarum</em></span> <span class='ocrx_word' id='word_1_22' title='bbox 1603 520 1863 583; x_wconf 76' lang='lat' dir='ltr'><em>horarum</em></span> <span class='ocrx_word' id='word_1_23' title='bbox 1909 528 2141 604; x_wconf 86' lang='lat' dir='ltr'><em>quietem</em></span> <span class='ocrx_word' id='word_1_24' title='bbox 2199 511 2251 560; x_wconf 64' lang='grc' dir='ltr'><strong>Δ</strong></span> 
     </span>
    </p>

    <p class='ocr_par' dir='ltr' id='par_1_4' title="bbox 148 600 2142 689">
     <span class='ocr_line' id='line_1_4' title="bbox 148 600 2142 689; baseline 0.001 -28"><span class='ocrx_word' id='word_1_25' title='bbox 148 602 408 661; x_wconf 79' lang='lat' dir='ltr'><em>curandis</em></span> <span class='ocrx_word' id='word_1_26' title='bbox 456 602 772 683; x_wconf 83' lang='lat' dir='ltr'><em>corporibus</em></span> <span class='ocrx_word' id='word_1_27' title='bbox 815 602 1026 684; x_wconf 77' lang='lat' dir='ltr'><em>consum</em></span> <span class='ocrx_word' id='word_1_28' title='bbox 1055 600 1204 682; x_wconf 72' lang='lat' dir='ltr'><em>siffe:</em></span> <span class='ocrx_word' id='word_1_29' title='bbox 1254 602 1365 684; x_wconf 80' lang='lat' dir='ltr'><em>fibi</em></span> <span class='ocrx_word' id='word_1_30' title='bbox 1406 602 1627 684; x_wconf 87' lang='lat' dir='ltr'><em>suisque</em></span> <span class='ocrx_word' id='word_1_31' title='bbox 1696 604 1833 665; x_wconf 76' lang='lat' dir='ltr'><em>t&#39;mul</em></span> <span class='ocrx_word' id='word_1_32' title='bbox 1868 607 2142 689; x_wconf 77' lang='lat' dir='ltr'><em>facundia</em></span> 
     </span>
    </p>

    <p class='ocr_par' dir='ltr' id='par_1_5' title="bbox 150 622 2137 766">
     <span class='ocr_line' id='line_1_5' title="bbox 150 622 2137 766; baseline 0.003 -25"><span class='ocrx_word' id='word_1_33' title='bbox 150 687 356 756; x_wconf 85' lang='lat' dir='ltr'><em>omnia,</em></span> <span class='ocrx_word' id='word_1_34' title='bbox 421 684 663 744; x_wconf 83' lang='lat' dir='ltr'><em>eundum</em></span> <span class='ocrx_word' id='word_1_35' title='bbox 682 726 699 757; x_wconf 90' lang='lat'>,</span> <span class='ocrx_word' id='word_1_36' title='bbox 753 622 1172 766; x_wconf 54' lang='lat' dir='ltr'><em>prandemfum,</em></span> <span class='ocrx_word' id='word_1_37' title='bbox 1235 675 1585 765; x_wconf 76' lang='lat' dir='ltr'><em>pugnandum</em></span> <span class='ocrx_word' id='word_1_38' title='bbox 1619 708 1648 746; x_wconf 84' lang='lat' dir='ltr'><em>e</em></span> <span class='ocrx_word' id='word_1_39' title='bbox 1656 686 1739 766; x_wconf 82' lang='lat' dir='ltr'><em>fe.</em></span> <span class='ocrx_word' id='word_1_40' title='bbox 1805 708 1912 748; x_wconf 91' lang='lat' dir='ltr'><em>non</em></span> <span class='ocrx_word' id='word_1_41' title='bbox 1951 710 1979 746; x_wconf 90' lang='lat' dir='ltr'><em>e</em></span> <span class='ocrx_word' id='word_1_42' title='bbox 2015 691 2137 760; x_wconf 84' lang='lat' dir='ltr'><em>uis,</em></span> 
     </span>
    </p>

    <p class='ocr_par' dir='ltr' id='par_1_6' title="bbox 153 764 2140 925">
     <span class='ocr_line' id='line_1_6' title="bbox 153 764 2140 907; baseline 0.003 -82"><span class='ocrx_word' id='word_1_43' title='bbox 153 784 258 906; x_wconf 43' lang='grc' dir='ltr'><em>ἴλη</em></span> <span class='ocrx_word' id='word_1_44' title='bbox 286 770 426 906; x_wconf 59' lang='lat' dir='ltr'><em>obii-is</em></span> <span class='ocrx_word' id='word_1_45' title='bbox 446 765 691 907; x_wconf 43' lang='lat' dir='ltr'><em>sglssdum</em></span> <span class='ocrx_word' id='word_1_46' title='bbox 723 764 895 848; x_wconf 87' lang='lat' dir='ltr'><em>adeffe</em></span> <span class='ocrx_word' id='word_1_47' title='bbox 929 765 1130 839; x_wconf 87' lang='lat' dir='ltr'><em>robur,</em></span> <span class='ocrx_word' id='word_1_48' title='bbox 1174 785 1238 825; x_wconf 89' lang='lat' dir='ltr'><em>ut</em></span> <span class='ocrx_word' id='word_1_49' title='bbox 1271 764 1387 827; x_wconf 86' lang='lat' dir='ltr'><em>cibo</em></span> <span class='ocrx_word' id='word_1_50' title='bbox 1421 785 1482 824; x_wconf 85' lang='lat' dir='ltr'><em>ac</em></span> <span class='ocrx_word' id='word_1_51' title='bbox 1514 772 1692 848; x_wconf 87' lang='lat' dir='ltr'><em>quiete</em></span> <span class='ocrx_word' id='word_1_52' title='bbox 1725 767 1946 853; x_wconf 73' lang='lat' dir='ltr'><em>refectis</em></span> <span class='ocrx_word' id='word_1_53' title='bbox 1986 768 2140 850; x_wconf 68' lang='lat' dir='ltr'><em>›osti-</em></span> 
     </span>
     <span class='ocr_line' id='line_1_7' title="bbox 277 868 721 925; baseline 0.011 -20"><span class='ocrx_word' id='word_1_54' title='bbox 277 869 305 905; x_wconf 87' lang='grc' dir='ltr'><em>ο</em></span> <span class='ocrx_word' id='word_1_55' title='bbox 323 868 437 925; x_wconf 71' lang='lat' dir='ltr'><em>stet</em></span> <span class='ocrx_word' id='word_1_56' title='bbox 513 872 539 906; x_wconf 87' lang='lat' dir='ltr'><em>e</em></span> <span class='ocrx_word' id='word_1_57' title='bbox 576 868 721 910; x_wconf 87' lang='lat' dir='ltr'><em>eant.</em></span> 
     </span>
    </p>
   </div>
   <div class='ocr_carea' id='block_1_3' title="bbox 129 950 2538 2265">
    <p class='ocr_par' dir='ltr' id='par_1_7' title="bbox 129 950 2538 2265">
     <span class='ocr_line' id='line_1_8' title="bbox 269 950 2538 1038; baseline -0.001 -23"><span class='ocrx_word' id='word_1_58' title='bbox 269 956 381 1016; x_wconf 86' lang='lat' dir='ltr'><em>IX.</em></span> <span class='ocrx_word' id='word_1_59' title='bbox 444 955 573 1035; x_wconf 77' lang='lat' dir='ltr'><em>Effe</em></span> <span class='ocrx_word' id='word_1_60' title='bbox 611 956 829 1037; x_wconf 90' lang='lat' dir='ltr'><em>quidem</em></span> <span class='ocrx_word' id='word_1_61' title='bbox 851 953 962 1036; x_wconf 68' lang='lat' dir='ltr'><em>fibi</em></span> <span class='ocrx_word' id='word_1_62' title='bbox 995 955 1231 1015; x_wconf 88' lang='lat' dir='ltr'><em>militum</em></span> <span class='ocrx_word' id='word_1_63' title='bbox 1260 950 1432 1033; x_wconf 83' lang='lat' dir='ltr'><em>fidem</em></span> <span class='ocrx_word' id='word_1_64' title='bbox 1466 958 1717 1016; x_wconf 83' lang='lat' dir='ltr'><em>eximiam</em></span> <span class='ocrx_word' id='word_1_65' title='bbox 1735 1000 1753 1031; x_wconf 85' lang='lat'>‚</span> <span class='ocrx_word' id='word_1_66' title='bbox 1815 953 1913 1038; x_wconf 68' lang='lat' dir='ltr'><em>effi.-</em></span> <span class='ocrx_word' id='word_1_67' title='bbox 1948 960 2135 1017; x_wconf 82' lang='lat' dir='ltr'><em>virtu-</em></span> <span class='ocrx_word' id='word_1_68' title='bbox 2194 958 2290 1012; x_wconf 71' lang='lat' dir='ltr'><em>Ad</em></span> <span class='ocrx_word' id='word_1_69' title='bbox 2305 959 2538 1026; x_wconf 77' lang='lat' dir='ltr'><em>reficien-</em></span> 
     </span>
     <span class='ocr_line' id='line_1_9' title="bbox 150 1026 2521 1121; baseline -0 -23"><span class='ocrx_word' id='word_1_70' title='bbox 150 1058 253 1120; x_wconf 81' lang='lat' dir='ltr'><em>tem</em></span> <span class='ocrx_word' id='word_1_71' title='bbox 270 1079 289 1109; x_wconf 94' lang='lat'>‚</span> <span class='ocrx_word' id='word_1_72' title='bbox 355 1037 614 1098; x_wconf 84' lang='lat' dir='ltr'><em>hactenus</em></span> <span class='ocrx_word' id='word_1_73' title='bbox 665 1043 829 1097; x_wconf 81' lang='lat' dir='ltr'><em>etiam</em></span> <span class='ocrx_word' id='word_1_74' title='bbox 871 1038 1151 1098; x_wconf 81' lang='lat' dir='ltr'><em>Fortunae</em></span> <span class='ocrx_word' id='word_1_75' title='bbox 1235 1036 1465 1118; x_wconf 78' lang='lat' dir='ltr'><em>&#39;ngulare</em></span> <span class='ocrx_word' id='word_1_76' title='bbox 1514 1036 1815 1119; x_wconf 76' lang='lat' dir='ltr'><em>obftqw&#39;um</em></span> <span class='ocrx_word' id='word_1_77' title='bbox 1865 1038 2133 1121; x_wconf 72' lang='lat' dir='ltr'><em>adfu1JJe3</em></span> <span class='ocrx_word' id='word_1_78' title='bbox 2162 1026 2290 1079; x_wconf 49' lang='grc' dir='ltr'><em>ἡ*</em></span> <span class='ocrx_word' id='word_1_79' title='bbox 2321 1032 2521 1083; x_wconf 64' lang='lat' dir='ltr'><em>⁶³⁶⁶ch-</em></span> 
     </span>
     <span class='ocr_line' id='line_1_10' title="bbox 136 1109 2471 1202; baseline 0 -23"><span class='ocrx_word' id='word_1_80' title='bbox 136 1120 237 1202; x_wconf 76' lang='lat' dir='ltr'><em>fid</em></span> <span class='ocrx_word' id='word_1_81' title='bbox 270 1140 442 1200; x_wconf 87' lang='lat' dir='ltr'><em>neque</em></span> <span class='ocrx_word' id='word_1_82' title='bbox 477 1120 541 1179; x_wconf 91' lang='lat' dir='ltr'><em>ab</em></span> <span class='ocrx_word' id='word_1_83' title='bbox 575 1119 692 1180; x_wconf 87' lang='lat' dir='ltr'><em>illis</em></span> <span class='ocrx_word' id='word_1_84' title='bbox 722 1120 867 1201; x_wconf 85' lang='lat' dir='ltr'><em>plus,</em></span> <span class='ocrx_word' id='word_1_85' title='bbox 913 1138 1070 1199; x_wconf 88' lang='lat' dir='ltr'><em>quam</em></span> <span class='ocrx_word' id='word_1_86' title='bbox 1094 1136 1162 1200; x_wconf 89' lang='lat' dir='ltr'><em>po</em></span> <span class='ocrx_word' id='word_1_87' title='bbox 1204 1117 1313 1192; x_wconf 85' lang='lat' dir='ltr'><em>int,</em></span> <span class='ocrx_word' id='word_1_88' title='bbox 1358 1138 1528 1198; x_wconf 76' lang='lat' dir='ltr'><em>neque</em></span> <span class='ocrx_word' id='word_1_89' title='bbox 1565 1118 1632 1179; x_wconf 89' lang='lat' dir='ltr'><em>ab</em></span> <span class='ocrx_word' id='word_1_90' title='bbox 1661 1120 1758 1180; x_wconf 82' lang='lat' dir='ltr'><em>hac</em></span> <span class='ocrx_word' id='word_1_91' title='bbox 1781 1119 1930 1201; x_wconf 88' lang='lat' dir='ltr'><em>plus,</em></span> <span class='ocrx_word' id='word_1_92' title='bbox 1975 1141 2139 1200; x_wconf 86' lang='lat' dir='ltr'><em>quam</em></span> <span class='ocrx_word' id='word_1_93' title='bbox 2163 1109 2306 1153; x_wconf 70' lang='lat'><strong>“⁴⁸⁸⁶</strong></span> <span class='ocrx_word' id='word_1_94' title='bbox 2464 1157 2471 1164; x_wconf 91' lang='lat'>-</span> 
     </span>
     <span class='ocr_line' id='line_1_11' title="bbox 137 1200 2142 1283; baseline 0 -24"><span class='ocrx_word' id='word_1_95' title='bbox 137 1200 311 1283; x_wconf 66' lang='lat' dir='ltr'><em>fitleat</em></span> <span class='ocrx_word' id='word_1_96' title='bbox 326 1243 345 1273; x_wconf 94' lang='lat'>‚</span> <span class='ocrx_word' id='word_1_97' title='bbox 390 1202 696 1282; x_wconf 72' lang='lat' dir='ltr'><em>exspectari</em></span> <span class='ocrx_word' id='word_1_98' title='bbox 726 1219 993 1282; x_wconf 80' lang='lat' dir='ltr'><em>oportere.</em></span> <span class='ocrx_word' id='word_1_99' title='bbox 1094 1200 1415 1280; x_wconf 81' lang='lat' dir='ltr'><em>Numquam</em></span> <span class='ocrx_word' id='word_1_100' title='bbox 1447 1220 1557 1260; x_wconf 89' lang='lat' dir='ltr'><em>non</em></span> <span class='ocrx_word' id='word_1_101' title='bbox 1599 1202 1891 1261; x_wconf 84' lang='lat' dir='ltr'><em>timendam</em></span> <span class='ocrx_word' id='word_1_102' title='bbox 1929 1203 2142 1283; x_wconf 89' lang='lat' dir='ltr'><em>casuum</em></span> 
     </span>
     <span class='ocr_line' id='line_1_12' title="bbox 142 1280 2141 1361; baseline -0.001 -18"><span class='ocrx_word' id='word_1_103' title='bbox 142 1283 502 1343; x_wconf 87' lang='lat' dir='ltr'><em>bumanorum</em></span> <span class='ocrx_word' id='word_1_104' title='bbox 534 1280 981 1361; x_wconf 78' lang='lat' dir='ltr'><em>victffitudinem:</em></span> <span class='ocrx_word' id='word_1_105' title='bbox 1024 1301 1080 1343; x_wconf 90' lang='lat' dir='ltr'><em>et</em></span> <span class='ocrx_word' id='word_1_106' title='bbox 1113 1281 1410 1361; x_wconf 77' lang='lat' dir='ltr'><em>quamlibet</em></span> <span class='ocrx_word' id='word_1_107' title='bbox 1434 1282 1622 1358; x_wconf 85' lang='lat' dir='ltr'><em>fortes</em></span> <span class='ocrx_word' id='word_1_108' title='bbox 1652 1287 1801 1343; x_wconf 87' lang='lat' dir='ltr'><em>viros</em></span> <span class='ocrx_word' id='word_1_109' title='bbox 1835 1302 1867 1340; x_wconf 93' lang='lat' dir='ltr'><em>a</em></span> <span class='ocrx_word' id='word_1_110' title='bbox 1898 1284 2141 1343; x_wconf 85' lang='lat' dir='ltr'><em>deterio-</em></span> 
     </span>
     <span class='ocr_line' id='line_1_13' title="bbox 144 1360 2142 1446; baseline -0.002 -22"><span class='ocrx_word' id='word_1_111' title='bbox 144 1363 295 1424; x_wconf 88' lang='lat' dir='ltr'><em>ribus</em></span> <span class='ocrx_word' id='word_1_112' title='bbox 330 1369 569 1446; x_wconf 85' lang='lat' dir='ltr'><em>opprimi</em></span> <span class='ocrx_word' id='word_1_113' title='bbox 592 1364 735 1445; x_wconf 81' lang='lat' dir='ltr'><em>poffi·</em></span> <span class='ocrx_word' id='word_1_114' title='bbox 751 1406 768 1437; x_wconf 90' lang='lat'>,</span> <span class='ocrx_word' id='word_1_115' title='bbox 800 1360 862 1444; x_wconf 79' lang='lat' dir='ltr'><em>fi</em></span> <span class='ocrx_word' id='word_1_116' title='bbox 879 1385 998 1425; x_wconf 87' lang='lat' dir='ltr'><em>cum</em></span> <span class='ocrx_word' id='word_1_117' title='bbox 1024 1363 1228 1424; x_wconf 79' lang='lat' dir='ltr'><em>validis</em></span> <span class='ocrx_word' id='word_1_118' title='bbox 1254 1382 1311 1422; x_wconf 92' lang='lat' dir='ltr'><em>et</em></span> <span class='ocrx_word' id='word_1_119' title='bbox 1341 1362 1564 1444; x_wconf 71' lang='lat' dir='ltr'><em>reflectis</em></span> <span class='ocrx_word' id='word_1_120' title='bbox 1595 1361 1700 1445; x_wconf 74' lang='lat' dir='ltr'><em>ipsi</em></span> <span class='ocrx_word' id='word_1_121' title='bbox 1721 1363 1906 1424; x_wconf 85' lang='lat' dir='ltr'><em>labore</em></span> <span class='ocrx_word' id='word_1_122' title='bbox 1935 1379 1997 1425; x_wconf 75' lang='lat' dir='ltr'><em>ac</em></span> <span class='ocrx_word' id='word_1_123' title='bbox 2020 1367 2142 1423; x_wconf 84' lang='lat' dir='ltr'><em>ino·</em></span> 
     </span>
     <span class='ocr_line' id='line_1_14' title="bbox 138 1441 2144 1528; baseline 0 -23"><span class='ocrx_word' id='word_1_124' title='bbox 138 1450 230 1528; x_wconf 78' lang='lat' dir='ltr'><em>pia</em></span> <span class='ocrx_word' id='word_1_125' title='bbox 279 1446 489 1506; x_wconf 78' lang='lat' dir='ltr'><em>debiles</em></span> <span class='ocrx_word' id='word_1_126' title='bbox 532 1451 961 1507; x_wconf 85' lang='lat' dir='ltr'><em>committantur.</em></span> <span class='ocrx_word' id='word_1_127' title='bbox 1051 1445 1185 1505; x_wconf 93' lang='lat' dir='ltr'><em>Non</em></span> <span class='ocrx_word' id='word_1_128' title='bbox 1236 1442 1338 1523; x_wconf 77' lang='lat' dir='ltr'><em>effe</em></span> <span class='ocrx_word' id='word_1_129' title='bbox 1388 1441 1617 1523; x_wconf 75' lang='lat' dir='ltr'><em>cauffizm</em></span> <span class='ocrx_word' id='word_1_130' title='bbox 1647 1445 1954 1527; x_wconf 71' lang='lat' dir='ltr'><em>festinandi</em></span> <span class='ocrx_word' id='word_1_131' title='bbox 1971 1488 1990 1519; x_wconf 88' lang='lat'>‚</span> <span class='ocrx_word' id='word_1_132' title='bbox 2048 1445 2144 1505; x_wconf 85' lang='lat' dir='ltr'><em>ubi</em></span> 
     </span>
     <span class='ocr_line' id='line_1_15' title="bbox 142 1525 2141 1610; baseline -0.001 -22"><span class='ocrx_word' id='word_1_133' title='bbox 142 1527 421 1588; x_wconf 89' lang='lat' dir='ltr'><em>meliorem</em></span> <span class='ocrx_word' id='word_1_134' title='bbox 461 1548 612 1604; x_wconf 76' lang='lat' dir='ltr'><em>tuam</em></span> <span class='ocrx_word' id='word_1_135' title='bbox 627 1570 645 1601; x_wconf 90' lang='lat'>‚</span> <span class='ocrx_word' id='word_1_136' title='bbox 707 1548 865 1609; x_wconf 90' lang='lat' dir='ltr'><em>quam</em></span> <span class='ocrx_word' id='word_1_137' title='bbox 899 1527 1122 1606; x_wconf 87' lang='lat' dir='ltr'><em>hostium</em></span> <span class='ocrx_word' id='word_1_138' title='bbox 1142 1570 1161 1599; x_wconf 92' lang='lat'>‚</span> <span class='ocrx_word' id='word_1_139' title='bbox 1222 1525 1579 1586; x_wconf 89' lang='lat' dir='ltr'><em>conditionem</em></span> <span class='ocrx_word' id='word_1_140' title='bbox 1599 1529 1833 1610; x_wconf 85' lang='lat' dir='ltr'><em>factura</em></span> <span class='ocrx_word' id='word_1_141' title='bbox 1866 1547 2016 1587; x_wconf 88' lang='lat' dir='ltr'><em>mora</em></span> <span class='ocrx_word' id='word_1_142' title='bbox 2051 1530 2141 1586; x_wconf 82' lang='lat' dir='ltr'><em>vi-</em></span> 
     </span>
     <span class='ocr_line' id='line_1_16' title="bbox 139 1605 2144 1691; baseline -0.002 -21"><span class='ocrx_word' id='word_1_143' title='bbox 139 1611 366 1670; x_wconf 84' lang='lat' dir='ltr'><em>deatur.</em></span> <span class='ocrx_word' id='word_1_144' title='bbox 454 1611 513 1671; x_wconf 87' lang='lat' dir='ltr'><em>Si</em></span> <span class='ocrx_word' id='word_1_145' title='bbox 543 1610 855 1691; x_wconf 85' lang='lat' dir='ltr'><em>paullulum</em></span> <span class='ocrx_word' id='word_1_146' title='bbox 885 1608 1121 1691; x_wconf 72' lang='lat' dir='ltr'><em>quiescat</em></span> <span class='ocrx_word' id='word_1_147' title='bbox 1139 1650 1157 1680; x_wconf 90' lang='lat'>‚</span> <span class='ocrx_word' id='word_1_148' title='bbox 1201 1628 1306 1667; x_wconf 89' lang='lat' dir='ltr'><em>non</em></span> <span class='ocrx_word' id='word_1_149' title='bbox 1342 1605 1497 1665; x_wconf 87' lang='lat' dir='ltr'><em>modo</em></span> <span class='ocrx_word' id='word_1_150' title='bbox 1536 1610 1814 1669; x_wconf 87' lang='lat' dir='ltr'><em>redituras</em></span> <span class='ocrx_word' id='word_1_151' title='bbox 1854 1608 2021 1668; x_wconf 87' lang='lat' dir='ltr'><em>militi</em></span> <span class='ocrx_word' id='word_1_152' title='bbox 2053 1612 2144 1669; x_wconf 84' lang='lat' dir='ltr'><em>vi-</em></span> 
     </span>
     <span class='ocr_line' id='line_1_17' title="bbox 140 1690 2142 1773; baseline -0 -22"><span class='ocrx_word' id='word_1_153' title='bbox 140 1711 269 1768; x_wconf 80' lang='lat' dir='ltr'><em>re53</em></span> <span class='ocrx_word' id='word_1_154' title='bbox 324 1690 434 1772; x_wconf 88' lang='lat' dir='ltr'><em>sed</em></span> <span class='ocrx_word' id='word_1_155' title='bbox 484 1693 708 1770; x_wconf 84' lang='lat' dir='ltr'><em>bostium</em></span> <span class='ocrx_word' id='word_1_156' title='bbox 748 1711 817 1750; x_wconf 89' lang='lat' dir='ltr'><em>ex</em></span> <span class='ocrx_word' id='word_1_157' title='bbox 855 1690 1224 1773; x_wconf 84' lang='lat' dir='ltr'><em>desperatione</em></span> <span class='ocrx_word' id='word_1_158' title='bbox 1269 1707 1453 1749; x_wconf 87' lang='lat' dir='ltr'><em>natam</em></span> <span class='ocrx_word' id='word_1_159' title='bbox 1494 1691 1772 1749; x_wconf 84' lang='lat' dir='ltr'><em>audaciam</em></span> <span class='ocrx_word' id='word_1_160' title='bbox 1816 1708 2051 1771; x_wconf 89' lang='lat' dir='ltr'><em>tempore</em></span> <span class='ocrx_word' id='word_1_161' title='bbox 2086 1709 2142 1750; x_wconf 87' lang='lat' dir='ltr'><em>et</em></span> 
     </span>
     <span class='ocr_line' id='line_1_18' title="bbox 129 1771 2140 1859; baseline -0 -27"><span class='ocrx_word' id='word_1_162' title='bbox 129 1775 312 1859; x_wconf 69' lang='lat' dir='ltr'><em>spatio</em></span> <span class='ocrx_word' id='word_1_163' title='bbox 349 1780 553 1835; x_wconf 81' lang='lat' dir='ltr'><em>rectius</em></span> <span class='ocrx_word' id='word_1_164' title='bbox 586 1778 763 1833; x_wconf 90' lang='lat' dir='ltr'><em>omnia</em></span> <span class='ocrx_word' id='word_1_165' title='bbox 799 1772 1112 1852; x_wconf 85' lang='lat' dir='ltr'><em>aestimandi</em></span> <span class='ocrx_word' id='word_1_166' title='bbox 1144 1771 1506 1853; x_wconf 77' lang='lat' dir='ltr'><em>defecturam.</em></span> <span class='ocrx_word' id='word_1_167' title='bbox 1581 1772 1748 1832; x_wconf 92' lang='lat' dir='ltr'><em>Nunc</em></span> <span class='ocrx_word' id='word_1_168' title='bbox 1775 1772 1966 1844; x_wconf 85' lang='lat' dir='ltr'><em>adhuc,</em></span> <span class='ocrx_word' id='word_1_169' title='bbox 2009 1773 2140 1831; x_wconf 90' lang='lat' dir='ltr'><em>dum</em></span> 
     </span>
     <span class='ocr_line' id='line_1_19' title="bbox 144 1849 2137 1937; baseline -0.001 -22"><span class='ocrx_word' id='word_1_170' title='bbox 144 1859 311 1915; x_wconf 87' lang='lat' dir='ltr'><em>animi</em></span> <span class='ocrx_word' id='word_1_171' title='bbox 343 1855 589 1929; x_wconf 87' lang='lat' dir='ltr'><em>caleant,</em></span> <span class='ocrx_word' id='word_1_172' title='bbox 631 1876 755 1914; x_wconf 84' lang='lat' dir='ltr'><em>acre</em></span> <span class='ocrx_word' id='word_1_173' title='bbox 780 1854 1049 1937; x_wconf 87' lang='lat' dir='ltr'><em>proelium</em></span> <span class='ocrx_word' id='word_1_174' title='bbox 1072 1852 1371 1935; x_wconf 73' lang='lat' dir='ltr'><em>facturosz</em></span> <span class='ocrx_word' id='word_1_175' title='bbox 1415 1849 1507 1911; x_wconf 92' lang='lat' dir='ltr'><em>ubi</em></span> <span class='ocrx_word' id='word_1_176' title='bbox 1541 1853 1838 1935; x_wconf 81' lang='lat' dir='ltr'><em>refrixerit</em></span> <span class='ocrx_word' id='word_1_177' title='bbox 1869 1858 2137 1935; x_wconf 88' lang='lat' dir='ltr'><em>impetus,</em></span> 
     </span>
     <span class='ocr_line' id='line_1_20' title="bbox 147 1934 2138 2018; baseline -0.003 -19"><span class='ocrx_word' id='word_1_178' title='bbox 147 1958 204 1999; x_wconf 85' lang='lat' dir='ltr'><em>et</em></span> <span class='ocrx_word' id='word_1_179' title='bbox 240 1938 391 1997; x_wconf 90' lang='lat' dir='ltr'><em>modo</em></span> <span class='ocrx_word' id='word_1_180' title='bbox 429 1934 816 2015; x_wconf 86' lang='lat' dir='ltr'><em>validiffimum</em></span> <span class='ocrx_word' id='word_1_181' title='bbox 836 1938 1015 2017; x_wconf 80' lang='lat' dir='ltr'><em>juxta</em></span> <span class='ocrx_word' id='word_1_182' title='bbox 1036 1937 1103 2018; x_wconf 68' lang='lat' dir='ltr'><em>fi»</em></span> <span class='ocrx_word' id='word_1_183' title='bbox 1132 1940 1429 1995; x_wconf 83' lang='lat' dir='ltr'><em>exercitum</em></span> <span class='ocrx_word' id='word_1_184' title='bbox 1448 1974 1466 2005; x_wconf 92' lang='lat'><strong>‚</strong></span> <span class='ocrx_word' id='word_1_185' title='bbox 1524 1957 1617 1995; x_wconf 88' lang='lat' dir='ltr'><em>nec</em></span> <span class='ocrx_word' id='word_1_186' title='bbox 1653 1936 1848 2016; x_wconf 87' lang='lat' dir='ltr'><em>procul</em></span> <span class='ocrx_word' id='word_1_187' title='bbox 1881 1935 2009 1995; x_wconf 86' lang='lat' dir='ltr'><em>inde</em></span> <span class='ocrx_word' id='word_1_188' title='bbox 2046 1956 2138 1996; x_wconf 87' lang='lat' dir='ltr'><em>ca-</em></span> 
     </span>
     <span class='ocr_line' id='line_1_21' title="bbox 140 2016 2135 2102; baseline -0.003 -22"><span class='ocrx_word' id='word_1_189' title='bbox 140 2037 244 2102; x_wconf 86' lang='lat' dir='ltr'><em>put</em></span> <span class='ocrx_word' id='word_1_190' title='bbox 281 2040 469 2079; x_wconf 89' lang='lat' dir='ltr'><em>rerum</em></span> <span class='ocrx_word' id='word_1_191' title='bbox 506 2020 734 2079; x_wconf 86' lang='lat' dir='ltr'><em>Romam</em></span> <span class='ocrx_word' id='word_1_192' title='bbox 774 2021 1191 2101; x_wconf 85' lang='lat' dir='ltr'><em>recogitaverint</em></span> <span class='ocrx_word' id='word_1_193' title='bbox 1214 2059 1232 2090; x_wconf 88' lang='lat'><strong>‚</strong></span> <span class='ocrx_word' id='word_1_194' title='bbox 1291 2016 1446 2075; x_wconf 87' lang='lat' dir='ltr'><em>modo</em></span> <span class='ocrx_word' id='word_1_195' title='bbox 1473 2016 1704 2100; x_wconf 90' lang='lat' dir='ltr'><em>suarum</em></span> <span class='ocrx_word' id='word_1_196' title='bbox 1746 2016 2135 2098; x_wconf 68' lang='lat' dir='ltr'><em>adversarum-</em></span> 
     </span>
     <span class='ocr_line' id='line_1_22' title="bbox 138 2098 2137 2184; baseline -0.001 -23"><span class='ocrx_word' id='word_1_197' title='bbox 138 2123 240 2184; x_wconf 85' lang='lat' dir='ltr'><em>que</em></span> <span class='ocrx_word' id='word_1_198' title='bbox 272 2108 524 2182; x_wconf 86' lang='lat' dir='ltr'><em>partium</em></span> <span class='ocrx_word' id='word_1_199' title='bbox 559 2105 932 2181; x_wconf 83' lang='lat' dir='ltr'><em>reputaverint</em></span> <span class='ocrx_word' id='word_1_200' title='bbox 955 2099 1249 2181; x_wconf 77' lang='lat' dir='ltr'><em>fortunam</em></span> <span class='ocrx_word' id='word_1_201' title='bbox 1269 2140 1288 2172; x_wconf 89' lang='lat'><strong>,</strong></span> <span class='ocrx_word' id='word_1_202' title='bbox 1349 2118 1448 2159; x_wconf 87' lang='lat' dir='ltr'><em>aut</em></span> <span class='ocrx_word' id='word_1_203' title='bbox 1474 2098 1747 2180; x_wconf 77' lang='lat' dir='ltr'><em>posituros</em></span> <span class='ocrx_word' id='word_1_204' title='bbox 1782 2117 1935 2158; x_wconf 89' lang='lat' dir='ltr'><em>arma</em></span> <span class='ocrx_word' id='word_1_205' title='bbox 1956 2141 1976 2173; x_wconf 89' lang='lat'>‚</span> <span class='ocrx_word' id='word_1_206' title='bbox 2037 2118 2137 2159; x_wconf 89' lang='lat' dir='ltr'><em>aut</em></span> 
     </span>
     <span class='ocr_line' id='line_1_23' title="bbox 139 2179 1046 2265; baseline -0.001 -22"><span class='ocrx_word' id='word_1_207' title='bbox 139 2188 318 2244; x_wconf 86' lang='lat' dir='ltr'><em>minus</em></span> <span class='ocrx_word' id='word_1_208' title='bbox 352 2184 655 2260; x_wconf 71' lang='lat' dir='ltr'><em>constanter</em></span> <span class='ocrx_word' id='word_1_209' title='bbox 692 2179 1046 2265; x_wconf 78' lang='lat' dir='ltr'><em>oppofituros.</em></span> 
     </span>
    </p>
   </div>
   <div class='ocr_carea' id='block_1_4' title="bbox 111 2283 2522 3871">
    <p class='ocr_par' dir='ltr' id='par_1_8' title="bbox 135 2283 2522 2616">
     <span class='ocr_line' id='line_1_24' title="bbox 259 2283 2522 2371; baseline -0.005 -21"><span class='ocrx_word' id='word_1_210' title='bbox 259 2292 345 2350; x_wconf 90' lang='lat' dir='ltr'><em>X.</em></span> <span class='ocrx_word' id='word_1_211' title='bbox 405 2290 587 2354; x_wconf 88' lang='lat' dir='ltr'><em>Nihil</em></span> <span class='ocrx_word' id='word_1_212' title='bbox 635 2303 847 2354; x_wconf 83' lang='lat' dir='ltr'><em>motus</em></span> <span class='ocrx_word' id='word_1_213' title='bbox 884 2283 1120 2350; x_wconf 77' lang='lat' dir='ltr'><em>horum</em></span> <span class='ocrx_word' id='word_1_214' title='bbox 1159 2288 1471 2371; x_wconf 81' lang='lat' dir='ltr'><em>precibus</em></span> <span class='ocrx_word' id='word_1_215' title='bbox 1510 2307 1584 2349; x_wconf 79' lang='lat' dir='ltr'><em>ac</em></span> <span class='ocrx_word' id='word_1_216' title='bbox 1623 2286 1891 2350; x_wconf 78' lang='lat' dir='ltr'><em>monitis</em></span> <span class='ocrx_word' id='word_1_217' title='bbox 1923 2288 2130 2361; x_wconf 84' lang='lat' dir='ltr'><em>Sulla,</em></span> <span class='ocrx_word' id='word_1_218' title='bbox 2184 2290 2399 2344; x_wconf 66' lang='lat' dir='ltr'><em>menum</em></span> <span class='ocrx_word' id='word_1_219' title='bbox 2414 2307 2522 2346; x_wconf 73' lang='lat' dir='ltr'><em>mo.</em></span> 
     </span>
     <span class='ocr_line' id='line_1_25' title="bbox 139 2369 2329 2457; baseline -0.003 -23"><span class='ocrx_word' id='word_1_220' title='bbox 139 2373 283 2453; x_wconf 85' lang='lat' dir='ltr'><em>Jam</em></span> <span class='ocrx_word' id='word_1_221' title='bbox 312 2379 375 2434; x_wconf 89' lang='lat' dir='ltr'><em>in</em></span> <span class='ocrx_word' id='word_1_222' title='bbox 405 2396 464 2432; x_wconf 89' lang='lat' dir='ltr'><em>eo</em></span> <span class='ocrx_word' id='word_1_223' title='bbox 492 2394 582 2433; x_wconf 87' lang='lat' dir='ltr'><em>res</em></span> <span class='ocrx_word' id='word_1_224' title='bbox 607 2375 680 2451; x_wconf 75' lang='lat' dir='ltr'><em>eli</em></span> <span class='ocrx_word' id='word_1_225' title='bbox 698 2414 718 2446; x_wconf 89' lang='lat'>‚</span> <span class='ocrx_word' id='word_1_226' title='bbox 763 2372 978 2457; x_wconf 86' lang='lat' dir='ltr'><em>inquit</em></span> <span class='ocrx_word' id='word_1_227' title='bbox 998 2414 1016 2445; x_wconf 88' lang='lat'><strong>‚</strong></span> <span class='ocrx_word' id='word_1_228' title='bbox 1058 2392 1155 2443; x_wconf 87' lang='lat' dir='ltr'><em>ut,</em></span> <span class='ocrx_word' id='word_1_229' title='bbox 1205 2374 1347 2451; x_wconf 87' lang='lat' dir='ltr'><em>quod</em></span> <span class='ocrx_word' id='word_1_230' title='bbox 1384 2370 1548 2446; x_wconf 85' lang='lat' dir='ltr'><em>restat</em></span> <span class='ocrx_word' id='word_1_231' title='bbox 1577 2374 1808 2451; x_wconf 83' lang='lat' dir='ltr'><em>negotii,</em></span> <span class='ocrx_word' id='word_1_232' title='bbox 1857 2369 2132 2429; x_wconf 82' lang='lat' dir='ltr'><em>celeritate</em></span> <span class='ocrx_word' id='word_1_233' title='bbox 2160 2374 2329 2415; x_wconf 71' lang='lat' dir='ltr'><em>‘&#39;m‘&#39;-</em></span> 
     </span>
     <span class='ocr_line' id='line_1_26' title="bbox 137 2450 2135 2535; baseline -0.005 -18"><span class='ocrx_word' id='word_1_234' title='bbox 137 2451 326 2535; x_wconf 81' lang='lat' dir='ltr'><em>confici</em></span> <span class='ocrx_word' id='word_1_235' title='bbox 362 2455 574 2516; x_wconf 84' lang='lat' dir='ltr'><em>debeat.</em></span> <span class='ocrx_word' id='word_1_236' title='bbox 655 2456 823 2514; x_wconf 88' lang='lat' dir='ltr'><em>Mori</em></span> <span class='ocrx_word' id='word_1_237' title='bbox 869 2452 1102 2533; x_wconf 77' lang='lat' dir='ltr'><em>praestat</em></span> <span class='ocrx_word' id='word_1_238' title='bbox 1120 2494 1138 2525; x_wconf 88' lang='lat'><strong>‚</strong></span> <span class='ocrx_word' id='word_1_239' title='bbox 1195 2472 1354 2532; x_wconf 86' lang='lat' dir='ltr'><em>quam</em></span> <span class='ocrx_word' id='word_1_240' title='bbox 1402 2452 1538 2511; x_wconf 87' lang='lat' dir='ltr'><em>hanc</em></span> <span class='ocrx_word' id='word_1_241' title='bbox 1557 2450 1729 2532; x_wconf 85' lang='lat' dir='ltr'><em>ferre</em></span> <span class='ocrx_word' id='word_1_242' title='bbox 1761 2454 2103 2532; x_wconf 84' lang='lat' dir='ltr'><em>ignominiam</em></span> <span class='ocrx_word' id='word_1_243' title='bbox 2117 2492 2135 2523; x_wconf 89' lang='lat'>‚</span> 
     </span>
     <span class='ocr_line' id='line_1_27' title="bbox 135 2530 2142 2616; baseline -0.004 -17"><span class='ocrx_word' id='word_1_244' title='bbox 135 2560 232 2613; x_wconf 87' lang='lat' dir='ltr'><em>ut,</em></span> <span class='ocrx_word' id='word_1_245' title='bbox 295 2559 382 2597; x_wconf 86' lang='lat' dir='ltr'><em>me</em></span> <span class='ocrx_word' id='word_1_246' title='bbox 416 2536 670 2596; x_wconf 87' lang='lat' dir='ltr'><em>incolumi</em></span> <span class='ocrx_word' id='word_1_247' title='bbox 711 2555 767 2595; x_wconf 91' lang='lat' dir='ltr'><em>et</em></span> <span class='ocrx_word' id='word_1_248' title='bbox 803 2537 1130 2616; x_wconf 83' lang='lat' dir='ltr'><em>inspectante</em></span> <span class='ocrx_word' id='word_1_249' title='bbox 1153 2576 1170 2605; x_wconf 89' lang='lat'>,</span> <span class='ocrx_word' id='word_1_250' title='bbox 1235 2535 1506 2594; x_wconf 84' lang='lat' dir='ltr'><em>Samnites</em></span> <span class='ocrx_word' id='word_1_251' title='bbox 1536 2534 1853 2612; x_wconf 87' lang='lat' dir='ltr'><em>Lucanique</em></span> <span class='ocrx_word' id='word_1_252' title='bbox 1891 2530 2142 2613; x_wconf 64' lang='lat' dir='ltr'><em>obsedisti.-</em></span> 
     </span>
    </p>

    <p class='ocr_par' dir='ltr' id='par_1_9' title="bbox 111 2613 2366 3357">
     <span class='ocr_line' id='line_1_28' title="bbox 135 2613 2140 2701; baseline -0.004 -19"><span class='ocrx_word' id='word_1_253' title='bbox 135 2622 366 2682; x_wconf 80' lang='lat' dir='ltr'><em>Romam</em></span> <span class='ocrx_word' id='word_1_254' title='bbox 401 2618 737 2701; x_wconf 81' lang='lat' dir='ltr'><em>glorientur.</em></span> <span class='ocrx_word' id='word_1_255' title='bbox 852 2618 1016 2678; x_wconf 87' lang='lat' dir='ltr'><em>Tecta</em></span> <span class='ocrx_word' id='word_1_256' title='bbox 1056 2614 1210 2676; x_wconf 83' lang='lat' dir='ltr'><em>urbis</em></span> <span class='ocrx_word' id='word_1_257' title='bbox 1227 2657 1247 2689; x_wconf 86' lang='lat'>‚</span> <span class='ocrx_word' id='word_1_258' title='bbox 1293 2635 1347 2675; x_wconf 90' lang='lat' dir='ltr'><em>et</em></span> <span class='ocrx_word' id='word_1_259' title='bbox 1396 2613 1762 2694; x_wconf 82' lang='lat' dir='ltr'><em>Capitolinam</em></span> <span class='ocrx_word' id='word_1_260' title='bbox 1810 2632 1986 2673; x_wconf 89' lang='lat' dir='ltr'><em>arcem</em></span> <span class='ocrx_word' id='word_1_261' title='bbox 2004 2655 2024 2687; x_wconf 86' lang='lat'>‚</span> <span class='ocrx_word' id='word_1_262' title='bbox 2083 2632 2140 2673; x_wconf 90' lang='lat' dir='ltr'><em>et</em></span> 
     </span>
     <span class='ocr_line' id='line_1_29' title="bbox 135 2694 2138 2784; baseline -0.007 -22"><span class='ocrx_word' id='word_1_263' title='bbox 135 2703 410 2784; x_wconf 83' lang='lat' dir='ltr'><em>quidquid</em></span> <span class='ocrx_word' id='word_1_264' title='bbox 447 2700 523 2761; x_wconf 86' lang='lat' dir='ltr'><em>ibi</em></span> <span class='ocrx_word' id='word_1_265' title='bbox 553 2701 803 2761; x_wconf 86' lang='lat' dir='ltr'><em>Deorum</em></span> <span class='ocrx_word' id='word_1_266' title='bbox 834 2701 1207 2778; x_wconf 83' lang='lat' dir='ltr'><em>bominumque</em></span> <span class='ocrx_word' id='word_1_267' title='bbox 1242 2697 1318 2775; x_wconf 82' lang='lat' dir='ltr'><em>est</em></span> <span class='ocrx_word' id='word_1_268' title='bbox 1337 2740 1354 2769; x_wconf 89' lang='lat'>,</span> <span class='ocrx_word' id='word_1_269' title='bbox 1400 2700 1608 2776; x_wconf 86' lang='lat' dir='ltr'><em>quotics</em></span> <span class='ocrx_word' id='word_1_270' title='bbox 1645 2694 1955 2777; x_wconf 83' lang='lat' dir='ltr'><em>respicerem</em></span> <span class='ocrx_word' id='word_1_271' title='bbox 1977 2738 1994 2768; x_wconf 91' lang='lat'><strong>‚</strong></span> <span class='ocrx_word' id='word_1_272' title='bbox 2038 2717 2138 2754; x_wconf 84' lang='lat' dir='ltr'><em>ex..</em></span> 
     </span>
     <span class='ocr_line' id='line_1_30' title="bbox 131 2774 2148 2867; baseline -0.005 -23"><span class='ocrx_word' id='word_1_273' title='bbox 131 2783 404 2867; x_wconf 83' lang='lat' dir='ltr'><em>probrare</em></span> <span class='ocrx_word' id='word_1_274' title='bbox 441 2782 570 2842; x_wconf 86' lang='lat' dir='ltr'><em>mihi</em></span> <span class='ocrx_word' id='word_1_275' title='bbox 604 2782 695 2842; x_wconf 87' lang='lat' dir='ltr'><em>vel</em></span> <span class='ocrx_word' id='word_1_276' title='bbox 733 2784 1082 2842; x_wconf 88' lang='lat' dir='ltr'><em>timiditatem</em></span> <span class='ocrx_word' id='word_1_277' title='bbox 1101 2822 1120 2853; x_wconf 88' lang='lat'>‚</span> <span class='ocrx_word' id='word_1_278' title='bbox 1182 2779 1272 2839; x_wconf 84' lang='lat' dir='ltr'><em>vel</em></span> <span class='ocrx_word' id='word_1_279' title='bbox 1311 2777 1690 2860; x_wconf 81' lang='lat' dir='ltr'><em>negligentiam</em></span> <span class='ocrx_word' id='word_1_280' title='bbox 1724 2777 1998 2838; x_wconf 86' lang='lat' dir='ltr'><em>crederem</em></span> <span class='ocrx_word' id='word_1_281' title='bbox 2016 2820 2035 2848; x_wconf 87' lang='lat'>‚</span> <span class='ocrx_word' id='word_1_282' title='bbox 2082 2774 2148 2857; x_wconf 81' lang='lat' dir='ltr'><em>fi</em></span> 
     </span>
     <span class='ocr_line' id='line_1_31' title="bbox 111 2857 2134 3002; baseline -0.004 -76"><span class='ocrx_word' id='word_1_283' title='bbox 111 2887 307 2947; x_wconf 55' lang='lat' dir='ltr'><em>sunum</em></span> <span class='ocrx_word' id='word_1_284' title='bbox 341 2866 489 2925; x_wconf 86' lang='lat' dir='ltr'><em>diem</em></span> <span class='ocrx_word' id='word_1_285' title='bbox 521 2868 715 2924; x_wconf 85' lang='lat' dir='ltr'><em>amicos</em></span> <span class='ocrx_word' id='word_1_286' title='bbox 749 2864 955 2942; x_wconf 84' lang='lat' dir='ltr'><em>nostros</em></span> <span class='ocrx_word' id='word_1_287' title='bbox 990 2865 1049 2920; x_wconf 84' lang='lat' dir='ltr'><em>iu</em></span> <span class='ocrx_word' id='word_1_288' title='bbox 1078 2879 1226 2922; x_wconf 89' lang='lat' dir='ltr'><em>metu</em></span> <span class='ocrx_word' id='word_1_289' title='bbox 1242 2904 1261 2936; x_wconf 89' lang='lat'>‚</span> <span class='ocrx_word' id='word_1_290' title='bbox 1305 2858 1647 2937; x_wconf 68' lang='lat' dir='ltr'><em>adversarios</em></span> <span class='ocrx_word' id='word_1_291' title='bbox 1662 2857 1784 3002; x_wconf 67' lang='lat' dir='ltr'><em>‚Nst</em></span> <span class='ocrx_word' id='word_1_292' title='bbox 1811 2863 1904 2938; x_wconf 89' lang='lat' dir='ltr'><em>qui</em></span> <span class='ocrx_word' id='word_1_293' title='bbox 1936 2862 2134 2918; x_wconf 85' lang='lat' dir='ltr'><em>etiam-</em></span> 
     </span>
     <span class='ocr_line' id='line_1_32' title="bbox 135 2940 2135 3027; baseline -0.005 -19"><span class='ocrx_word' id='word_1_294' title='bbox 135 2969 262 3008; x_wconf 86' lang='lat' dir='ltr'><em>num</em></span> <span class='ocrx_word' id='word_1_295' title='bbox 291 2947 497 3007; x_wconf 87' lang='lat' dir='ltr'><em>Romae</em></span> <span class='ocrx_word' id='word_1_296' title='bbox 516 2945 691 3027; x_wconf 65' lang='lat' dir='ltr'><em>fita,</em></span> <span class='ocrx_word' id='word_1_297' title='bbox 738 2948 798 3005; x_wconf 91' lang='lat' dir='ltr'><em>in</em></span> <span class='ocrx_word' id='word_1_298' title='bbox 817 2945 918 3027; x_wconf 77' lang='lat' dir='ltr'><em>Jpe</em></span> <span class='ocrx_word' id='word_1_299' title='bbox 956 2941 1169 3025; x_wconf 75' lang='lat' dir='ltr'><em>versari</em></span> <span class='ocrx_word' id='word_1_300' title='bbox 1245 2941 1387 3024; x_wconf 85' lang='lat' dir='ltr'><em>affus</em></span> <span class='ocrx_word' id='word_1_301' title='bbox 1425 2940 1595 3023; x_wconf 87' lang='lat' dir='ltr'><em>effem.</em></span> <span class='ocrx_word' id='word_1_302' title='bbox 1740 2961 1866 3023; x_wconf 83' lang='lat' dir='ltr'><em>eque</em></span> <span class='ocrx_word' id='word_1_303' title='bbox 1897 2940 2135 2999; x_wconf 84' lang='lat' dir='ltr'><em>militum</em></span> 
     </span>
     <span class='ocr_line' id='line_1_33' title="bbox 135 2962 2135 3108; baseline -0.004 -20"><span class='ocrx_word' id='word_1_304' title='bbox 135 3027 505 3108; x_wconf 78' lang='lat' dir='ltr'><em>Iaffitudinem</em></span> <span class='ocrx_word' id='word_1_305' title='bbox 522 3072 539 3103; x_wconf 90' lang='lat'>,</span> <span class='ocrx_word' id='word_1_306' title='bbox 582 3048 678 3088; x_wconf 83' lang='lat' dir='ltr'><em>nec</em></span> <span class='ocrx_word' id='word_1_307' title='bbox 712 3028 985 3088; x_wconf 90' lang='lat' dir='ltr'><em>Fortunae</em></span> <span class='ocrx_word' id='word_1_308' title='bbox 1022 2962 1431 3104; x_wconf 64' lang='lat' dir='ltr'><em>inconJEmtiam</em></span> <span class='ocrx_word' id='word_1_309' title='bbox 1469 3023 1793 3101; x_wconf 83' lang='lat' dir='ltr'><em>objeceritis.</em></span> <span class='ocrx_word' id='word_1_310' title='bbox 1872 3023 2135 3083; x_wconf 58' lang='lat' dir='ltr'><em>Vivet-em</em></span> 
     </span>
     <span class='ocr_line' id='line_1_34' title="bbox 131 3103 2135 3191; baseline -0.003 -22"><span class='ocrx_word' id='word_1_311' title='bbox 131 3112 311 3171; x_wconf 83' lang='lat' dir='ltr'><em>adhuc</em></span> <span class='ocrx_word' id='word_1_312' title='bbox 357 3109 613 3191; x_wconf 72' lang='lat' dir='ltr'><em>immensa</em></span> <span class='ocrx_word' id='word_1_313' title='bbox 661 3108 882 3186; x_wconf 74' lang='lat' dir='ltr'><em>bostium</em></span> <span class='ocrx_word' id='word_1_314' title='bbox 924 3110 1137 3191; x_wconf 82' lang='lat' dir='ltr'><em>agmina</em></span> <span class='ocrx_word' id='word_1_315' title='bbox 1160 3149 1176 3180; x_wconf 89' lang='lat'>,</span> <span class='ocrx_word' id='word_1_316' title='bbox 1240 3127 1405 3188; x_wconf 89' lang='lat' dir='ltr'><em>neque</em></span> <span class='ocrx_word' id='word_1_317' title='bbox 1454 3104 1816 3184; x_wconf 79' lang='lat' dir='ltr'><em>Praenestinis</em></span> <span class='ocrx_word' id='word_1_318' title='bbox 1865 3103 2135 3162; x_wconf 87' lang='lat' dir='ltr'><em>moenibus</em></span> 
     </span>
     <span class='ocr_line' id='line_1_35' title="bbox 133 3185 2136 3271; baseline -0.005 -17"><span class='ocrx_word' id='word_1_319' title='bbox 133 3193 397 3254; x_wconf 87' lang='lat' dir='ltr'><em>Marium</em></span> <span class='ocrx_word' id='word_1_320' title='bbox 431 3188 718 3271; x_wconf 71' lang='lat' dir='ltr'><em>inclufiffit</em></span> <span class='ocrx_word' id='word_1_321' title='bbox 751 3186 1018 3268; x_wconf 82' lang='lat' dir='ltr'><em>neceffitas</em></span> <span class='ocrx_word' id='word_1_322' title='bbox 1037 3232 1055 3263; x_wconf 89' lang='lat'>,</span> <span class='ocrx_word' id='word_1_323' title='bbox 1084 3185 1146 3270; x_wconf 76' lang='lat' dir='ltr'><em>fi</em></span> <span class='ocrx_word' id='word_1_324' title='bbox 1176 3189 1250 3252; x_wconf 87' lang='lat' dir='ltr'><em>ad</em></span> <span class='ocrx_word' id='word_1_325' title='bbox 1279 3189 1654 3270; x_wconf 82' lang='lat' dir='ltr'><em>Sacriportum</em></span> <span class='ocrx_word' id='word_1_326' title='bbox 1688 3185 1772 3246; x_wconf 87' lang='lat' dir='ltr'><em>his</em></span> <span class='ocrx_word' id='word_1_327' title='bbox 1801 3188 2136 3266; x_wconf 83' lang='lat' dir='ltr'><em>argumentis</em></span> 
     </span>
     <span class='ocr_line' id='line_1_36' title="bbox 130 3270 2366 3357; baseline 0.001 -24"><span class='ocrx_word' id='word_1_328' title='bbox 130 3293 164 3333; x_wconf 88' lang='lat' dir='ltr'><em>a</em></span> <span class='ocrx_word' id='word_1_329' title='bbox 185 3293 378 3357; x_wconf 83' lang='lat' dir='ltr'><em>pugna</em></span> <span class='ocrx_word' id='word_1_330' title='bbox 396 3271 626 3356; x_wconf 74' lang='lat' dir='ltr'><em>futffi’m</em></span> <span class='ocrx_word' id='word_1_331' title='bbox 663 3270 1016 3334; x_wconf 84' lang='lat' dir='ltr'><em>absterritus.</em></span> <span class='ocrx_word' id='word_1_332' title='bbox 2354 3315 2366 3336; x_wconf 39' lang='grc' dir='ltr'><strong>κ</strong></span> 
     </span>
    </p>

    <p class='ocr_par' dir='ltr' id='par_1_10' title="bbox 126 3367 2498 3707">
     <span class='ocr_line' id='line_1_37' title="bbox 246 3367 2498 3460; baseline -0.004 -17"><span class='ocrx_word' id='word_1_333' title='bbox 246 3383 369 3443; x_wconf 80' lang='lat' dir='ltr'><em>XI.</em></span> <span class='ocrx_word' id='word_1_334' title='bbox 434 3379 665 3442; x_wconf 87' lang='lat' dir='ltr'><em>Milites</em></span> <span class='ocrx_word' id='word_1_335' title='bbox 704 3382 808 3438; x_wconf 88' lang='lat' dir='ltr'><em>mei</em></span> <span class='ocrx_word' id='word_1_336' title='bbox 847 3383 1008 3440; x_wconf 84' lang='lat' dir='ltr'><em>etiam</em></span> <span class='ocrx_word' id='word_1_337' title='bbox 1036 3375 1169 3460; x_wconf 75' lang='lat' dir='ltr'><em>ftffi</em></span> <span class='ocrx_word' id='word_1_338' title='bbox 1206 3375 1336 3436; x_wconf 85' lang='lat' dir='ltr'><em>bene</em></span> <span class='ocrx_word' id='word_1_339' title='bbox 1374 3391 1615 3457; x_wconf 85' lang='lat' dir='ltr'><em>pugnare</em></span> <span class='ocrx_word' id='word_1_340' title='bbox 1646 3367 1896 3452; x_wconf 78' lang='lat' dir='ltr'><em>poffimt:</em></span> <span class='ocrx_word' id='word_1_341' title='bbox 1958 3386 2015 3426; x_wconf 75' lang='lat' dir='ltr'><em>et</em></span> <span class='ocrx_word' id='word_1_342' title='bbox 2062 3367 2132 3427; x_wconf 84' lang='lat' dir='ltr'><em>de</em></span> <span class='ocrx_word' id='word_1_343' title='bbox 2191 3378 2296 3434; x_wconf 74' lang='lat' dir='ltr'><em>Sed</em></span> <span class='ocrx_word' id='word_1_344' title='bbox 2322 3380 2498 3436; x_wconf 64' lang='lat' dir='ltr'><em>mitit?</em></span> 
     </span>
     <span class='ocr_line' id='line_1_38' title="bbox 131 3447 2492 3542; baseline -0.01 -15"><span class='ocrx_word' id='word_1_345' title='bbox 131 3466 387 3527; x_wconf 86' lang='lat' dir='ltr'><em>Fortuna</em></span> <span class='ocrx_word' id='word_1_346' title='bbox 434 3481 701 3542; x_wconf 83' lang='lat' dir='ltr'><em>quantum</em></span> <span class='ocrx_word' id='word_1_347' title='bbox 746 3460 876 3521; x_wconf 85' lang='lat' dir='ltr'><em>mihi</em></span> <span class='ocrx_word' id='word_1_348' title='bbox 915 3459 1204 3540; x_wconf 87' lang='lat' dir='ltr'><em>pollicear,</em></span> <span class='ocrx_word' id='word_1_349' title='bbox 1261 3454 1460 3536; x_wconf 87' lang='lat' dir='ltr'><em>quibus</em></span> <span class='ocrx_word' id='word_1_350' title='bbox 1496 3477 1561 3516; x_wconf 89' lang='lat' dir='ltr'><em>ue</em></span> <span class='ocrx_word' id='word_1_351' title='bbox 1599 3453 1854 3515; x_wconf 87' lang='lat' dir='ltr'><em>inductus</em></span> <span class='ocrx_word' id='word_1_352' title='bbox 1894 3452 2126 3509; x_wconf 85' lang='lat' dir='ltr'><em>rationi-</em></span> <span class='ocrx_word' id='word_1_353' title='bbox 2152 3463 2203 3501; x_wconf 80' lang='lat' dir='ltr'><em>et</em></span> <span class='ocrx_word' id='word_1_354' title='bbox 2226 3447 2492 3504; x_wconf 77' lang='lat' dir='ltr'><em>Fortunae</em></span> 
     </span>
     <span class='ocr_line' id='line_1_39' title="bbox 128 3519 2448 3626; baseline -0.011 -16"><span class='ocrx_word' id='word_1_355' title='bbox 128 3549 265 3620; x_wconf 86' lang='lat' dir='ltr'><em>bus,</em></span> <span class='ocrx_word' id='word_1_356' title='bbox 311 3545 465 3607; x_wconf 84' lang='lat' dir='ltr'><em>haud</em></span> <span class='ocrx_word' id='word_1_357' title='bbox 484 3542 654 3626; x_wconf 91' lang='lat' dir='ltr'><em>semel</em></span> <span class='ocrx_word' id='word_1_358' title='bbox 686 3542 989 3620; x_wconf 78' lang='lat' dir='ltr'><em>audivistis.</em></span> <span class='ocrx_word' id='word_1_359' title='bbox 1073 3539 1222 3614; x_wconf 87' lang='lat' dir='ltr'><em>Illa,</em></span> <span class='ocrx_word' id='word_1_360' title='bbox 1266 3537 1405 3610; x_wconf 84' lang='lat' dir='ltr'><em>illa,</em></span> <span class='ocrx_word' id='word_1_361' title='bbox 1469 3539 1603 3597; x_wconf 81' lang='lat' dir='ltr'><em>t‘cuti</em></span> <span class='ocrx_word' id='word_1_362' title='bbox 1625 3551 1887 3618; x_wconf 87' lang='lat' dir='ltr'><em>perpetuo</em></span> <span class='ocrx_word' id='word_1_363' title='bbox 1915 3530 2130 3612; x_wconf 67' lang='lat' dir='ltr'><em>confite-</em></span> <span class='ocrx_word' id='word_1_364' title='bbox 2153 3519 2405 3585; x_wconf 46' lang='grc' dir='ltr'><strong><em>Μῶα-ς,</em></strong></span> <span class='ocrx_word' id='word_1_365' title='bbox 2428 3552 2448 3567; x_wconf 75' lang='lat'>=</span> 
     </span>
     <span class='ocr_line' id='line_1_40' title="bbox 126 3617 2128 3707; baseline -0.009 -15"><span class='ocrx_word' id='word_1_366' title='bbox 126 3637 212 3692; x_wconf 87' lang='lat' dir='ltr'><em>vit</em></span> <span class='ocrx_word' id='word_1_367' title='bbox 230 3672 251 3703; x_wconf 89' lang='lat'>‚</span> <span class='ocrx_word' id='word_1_368' title='bbox 312 3647 463 3686; x_wconf 86' lang='lat' dir='ltr'><em>nunc</em></span> <span class='ocrx_word' id='word_1_369' title='bbox 510 3645 718 3707; x_wconf 83' lang='lat' dir='ltr'><em>quoque</em></span> <span class='ocrx_word' id='word_1_370' title='bbox 765 3626 1001 3705; x_wconf 86' lang='lat' dir='ltr'><em>reperiet</em></span> <span class='ocrx_word' id='word_1_371' title='bbox 1050 3640 1149 3682; x_wconf 87' lang='lat' dir='ltr'><em>aut</em></span> <span class='ocrx_word' id='word_1_372' title='bbox 1185 3621 1361 3704; x_wconf 73' lang='lat' dir='ltr'><em>faciet</em></span> <span class='ocrx_word' id='word_1_373' title='bbox 1408 3619 1616 3696; x_wconf 85' lang='lat' dir='ltr'><em>nostrae</em></span> <span class='ocrx_word' id='word_1_374' title='bbox 1660 3617 1920 3676; x_wconf 85' lang='lat' dir='ltr'><em>victoriae</em></span> <span class='ocrx_word' id='word_1_375' title='bbox 1965 3617 2128 3673; x_wconf 80' lang='lat' dir='ltr'><em>viam.</em></span> 
     </span>
    </p>

    <p class='ocr_par' dir='ltr' id='par_1_11' title="bbox 123 3699 2130 3871">
     <span class='ocr_line' id='line_1_41' title="bbox 127 3699 2130 3785; baseline -0.009 -13"><span class='ocrx_word' id='word_1_376' title='bbox 127 3712 250 3772; x_wconf 86' lang='lat' dir='ltr'><em>Nec</em></span> <span class='ocrx_word' id='word_1_377' title='bbox 291 3710 429 3768; x_wconf 88' lang='lat' dir='ltr'><em>adeo</em></span> <span class='ocrx_word' id='word_1_378' title='bbox 469 3727 669 3769; x_wconf 89' lang='lat' dir='ltr'><em>temere</em></span> <span class='ocrx_word' id='word_1_379' title='bbox 704 3724 917 3785; x_wconf 88' lang='lat' dir='ltr'><em>captum</em></span> <span class='ocrx_word' id='word_1_380' title='bbox 949 3704 1078 3765; x_wconf 88' lang='lat' dir='ltr'><em>mihi</em></span> <span class='ocrx_word' id='word_1_381' title='bbox 1112 3701 1385 3780; x_wconf 72' lang='lat' dir='ltr'><em>consilium</em></span> <span class='ocrx_word' id='word_1_382' title='bbox 1420 3699 1880 3776; x_wconf 76' lang='lat' dir='ltr'><em>existimaveritis.</em></span> <span class='ocrx_word' id='word_1_383' title='bbox 1924 3700 2130 3753; x_wconf 82' lang='lat' dir='ltr'><em>animos</em></span> 
     </span>
     <span class='ocr_line' id='line_1_42' title="bbox 123 3775 2126 3871; baseline -0.01 -17"><span class='ocrx_word' id='word_1_384' title='bbox 123 3796 406 3854; x_wconf 82' lang='lat' dir='ltr'><em>exercitus</em></span> <span class='ocrx_word' id='word_1_385' title='bbox 439 3793 652 3871; x_wconf 82' lang='lat' dir='ltr'><em>magis,</em></span> <span class='ocrx_word' id='word_1_386' title='bbox 694 3806 851 3868; x_wconf 88' lang='lat' dir='ltr'><em>quam</em></span> <span class='ocrx_word' id='word_1_387' title='bbox 886 3803 1112 3867; x_wconf 71' lang='lat' dir='ltr'><em>corpora</em></span> <span class='ocrx_word' id='word_1_388' title='bbox 1135 3828 1153 3858; x_wconf 89' lang='lat'>‚</span> <span class='ocrx_word' id='word_1_389' title='bbox 1197 3782 1442 3863; x_wconf 65' lang='lat' dir='ltr'><em>respicio.</em></span> <span class='ocrx_word' id='word_1_390' title='bbox 1503 3779 1760 3862; x_wconf 82' lang='lat' dir='ltr'><em>quamdiu</em></span> <span class='ocrx_word' id='word_1_391' title='bbox 1798 3775 1888 3834; x_wconf 86' lang='lat' dir='ltr'><em>illi</em></span> <span class='ocrx_word' id='word_1_392' title='bbox 1919 3778 2126 3856; x_wconf 80' lang='lat' dir='ltr'><em>vigent,</em></span> 
     </span>
    </p>
   </div>
   <div class='ocr_carea' id='block_1_5' title="bbox 121 3856 2133 4031">
    <p class='ocr_par' dir='ltr' id='par_1_12' title="bbox 121 3856 2133 4031">
     <span class='ocr_line' id='line_1_43' title="bbox 127 3856 2133 3952; baseline -0.009 -16"><span class='ocrx_word' id='word_1_393' title='bbox 127 3873 519 3952; x_wconf 68' lang='lat' dir='ltr'><em>nonsteerunt</em></span> <span class='ocrx_word' id='word_1_394' title='bbox 554 3873 718 3931; x_wconf 89' lang='lat' dir='ltr'><em>etiam</em></span> <span class='ocrx_word' id='word_1_395' title='bbox 741 3864 899 3949; x_wconf 70' lang='lat' dir='ltr'><em>fi’ffis</em></span> <span class='ocrx_word' id='word_1_396' title='bbox 940 3867 1158 3929; x_wconf 85' lang='lat' dir='ltr'><em>lacertis</em></span> <span class='ocrx_word' id='word_1_397' title='bbox 1196 3870 1381 3924; x_wconf 80' lang='lat' dir='ltr'><em>vires.-</em></span> <span class='ocrx_word' id='word_1_398' title='bbox 1442 3882 1496 3923; x_wconf 90' lang='lat' dir='ltr'><em>et</em></span> <span class='ocrx_word' id='word_1_399' title='bbox 1537 3881 1712 3922; x_wconf 84' lang='lat' dir='ltr'><em>tamen</em></span> <span class='ocrx_word' id='word_1_400' title='bbox 1743 3856 1981 3938; x_wconf 79' lang='lat' dir='ltr'><em>spatium</em></span> <span class='ocrx_word' id='word_1_401' title='bbox 2020 3860 2133 3917; x_wconf 76' lang='lat' dir='ltr'><em>erit</em></span> 
     </span>
     <span class='ocr_line' id='line_1_44' title="bbox 121 3938 2132 4031; baseline -0.013 -13"><span class='ocrx_word' id='word_1_402' title='bbox 121 3958 230 4018; x_wconf 83' lang='lat' dir='ltr'><em>cibo</em></span> <span class='ocrx_word' id='word_1_403' title='bbox 270 3976 335 4016; x_wconf 88' lang='lat' dir='ltr'><em>ac</em></span> <span class='ocrx_word' id='word_1_404' title='bbox 375 3953 585 4014; x_wconf 75' lang='lat' dir='ltr'><em>modica</em></span> <span class='ocrx_word' id='word_1_405' title='bbox 620 3954 798 4031; x_wconf 87' lang='lat' dir='ltr'><em>quiete</em></span> <span class='ocrx_word' id='word_1_406' title='bbox 833 3946 1109 4026; x_wconf 78' lang='lat' dir='ltr'><em>reficiendi</em></span> <span class='ocrx_word' id='word_1_407' title='bbox 1142 3944 1398 4007; x_wconf 80' lang='lat' dir='ltr'><em>membre.</em></span> <span class='ocrx_word' id='word_1_408' title='bbox 1477 3946 1582 4004; x_wconf 87' lang='lat' dir='ltr'><em>Vos</em></span> <span class='ocrx_word' id='word_1_409' title='bbox 1622 3961 1746 4020; x_wconf 76' lang='lat' dir='ltr'><em>ergo</em></span> <span class='ocrx_word' id='word_1_410' title='bbox 1788 3938 1993 3998; x_wconf 77' lang='lat' dir='ltr'><em>alacres</em></span> <span class='ocrx_word' id='word_1_411' title='bbox 2031 3938 2132 3998; x_wconf 90' lang='lat' dir='ltr'><em>bo.</em></span> 
     </span>
    </p>
   </div>
   <div class='ocr_carea' id='block_1_6' title="bbox 122 4018 2129 4204">
    <p class='ocr_par' dir='ltr' id='par_1_13' title="bbox 122 4018 2129 4204">
     <span class='ocr_line' id='line_1_45' title="bbox 125 4018 2129 4122; baseline -0.012 -22"><span class='ocrx_word' id='word_1_412' title='bbox 125 4060 295 4122; x_wconf 87' lang='lat' dir='ltr'><em>naque</em></span> <span class='ocrx_word' id='word_1_413' title='bbox 317 4038 426 4119; x_wconf 74' lang='lat' dir='ltr'><em>spe</em></span> <span class='ocrx_word' id='word_1_414' title='bbox 453 4034 608 4116; x_wconf 86' lang='lat' dir='ltr'><em>pleni</em></span> <span class='ocrx_word' id='word_1_415' title='bbox 641 4032 717 4091; x_wconf 87' lang='lat' dir='ltr'><em>ad</em></span> <span class='ocrx_word' id='word_1_416' title='bbox 750 4032 1048 4092; x_wconf 86' lang='lat' dir='ltr'><em>curandum</em></span> <span class='ocrx_word' id='word_1_417' title='bbox 1082 4029 1283 4108; x_wconf 89' lang='lat' dir='ltr'><em>vestras</em></span> <span class='ocrx_word' id='word_1_418' title='bbox 1316 4044 1505 4106; x_wconf 82' lang='lat' dir='ltr'><em>partes</em></span> <span class='ocrx_word' id='word_1_419' title='bbox 1536 4021 1828 4084; x_wconf 88' lang='lat' dir='ltr'><em>discedite:</em></span> <span class='ocrx_word' id='word_1_420' title='bbox 1872 4018 2129 4079; x_wconf 84' lang='lat' dir='ltr'><em>militem.</em></span> 
     </span>
     <span class='ocr_line' id='line_1_46' title="bbox 122 4106 2127 4204; baseline -0.011 -21"><span class='ocrx_word' id='word_1_421' title='bbox 122 4137 216 4204; x_wconf 81' lang='lat' dir='ltr'><em>que</em></span> <span class='ocrx_word' id='word_1_422' title='bbox 233 4164 254 4198; x_wconf 89' lang='lat'>,</span> <span class='ocrx_word' id='word_1_423' title='bbox 317 4139 390 4186; x_wconf 87' lang='lat' dir='ltr'><em>ut</em></span> <span class='ocrx_word' id='word_1_424' title='bbox 421 4117 655 4202; x_wconf 87' lang='lat' dir='ltr'><em>solitam</em></span> <span class='ocrx_word' id='word_1_425' title='bbox 696 4112 845 4176; x_wconf 88' lang='lat' dir='ltr'><em>nobis</em></span> <span class='ocrx_word' id='word_1_426' title='bbox 887 4115 1151 4175; x_wconf 83' lang='lat' dir='ltr'><em>virtutem</em></span> <span class='ocrx_word' id='word_1_427' title='bbox 1188 4108 1427 4193; x_wconf 74' lang='lat' dir='ltr'><em>praestet</em></span> <span class='ocrx_word' id='word_1_428' title='bbox 1442 4147 1461 4184; x_wconf 87' lang='lat'>‚</span> <span class='ocrx_word' id='word_1_429' title='bbox 1507 4106 1759 4169; x_wconf 82' lang='lat' dir='ltr'><em>excitate.</em></span> <span class='ocrx_word' id='word_1_430' title='bbox 1827 4121 1951 4164; x_wconf 89' lang='lat' dir='ltr'><em>nam</em></span> <span class='ocrx_word' id='word_1_431' title='bbox 1995 4122 2086 4186; x_wconf 83' lang='lat' dir='ltr'><em>ego</em></span> <span class='ocrx_word' id='word_1_432' title='bbox 2107 4142 2127 4178; x_wconf 86' lang='lat'><strong>,</strong></span> 
     </span>
    </p>
   </div>
  </div>
 </body>
</html>
