2717 4667
637 953 640 956 -
745 907 1314 983 JOHANNIS
1427 852 2190 988 rumusflnmn

563 1133 566 1136 ·
638 1116 1344 1188 SUPPLEMENTORUM
1392 1126 1863 1206 uvnmonun
1912 1086 2134 1203 mena
2169 1130 2319 1204 axi.

805 1311 894 1380 IN
936 1311 1236 1378 LOCUM
1277 1317 1507 1424 LIBRI
1547 1317 1775 1386 XCVI.
1819 1322 1898 1388 Τ.
1940 1323 2164 1392 mvn.

166 1550 237 1613 U.
269 1572 321 1613 c.
346 1550 469 1615 680.
519 1542 557 1640 ³-
615 1547 666 1615 Ῑ.
722 1550 900 1617 Haec
939 1576 1019 1620 eo
1057 1574 1223 1625 anno
1260 1561 1462 1644 gesta:
1528 1578 1630 1638 et,
1690 1566 1834 1648 quia
1871 1561 2146 1630 funestas
2182 1587 2303 1651 per
2334 1569 2475 1632 lta--

157 1626 227 1681 A·
250 1628 318 1683 C·
346 1646 436 1750 3?-
494 1630 644 1709 liam
683 1633 898 1699 clades
942 1660 1292 1706 senescens
1317 1647 1650 1709 Sertorius
1689 1661 1753 1709 et
1781 1649 2036 1708 Luculli
2069 1665 2179 1711 res
2215 1647 2468 1711 floren..

120 1695 460 1818 CL·((33⁹1¹⁰’
492 1728 593 1778 tes
647 1718 1075 1797 relevabant,
1128 1727 1382 1788 minore
1440 1742 1858 1790 externorum
1919 1749 2070 1791 cura
2130 1731 2321 1791 animi
2377 1729 2468 1792 ad

118 1783 459 1887 lig'co‘ffne‘
495 1800 786 1895 Spartaci
823 1806 1246 1886 opprimenda
1281 1809 1450 1870 bella
1494 1811 1709 1873 versi:
1759 1824 1887 1872 tam
1915 1811 2167 1894 svalidis
2195 1812 2319 1892 jam'
2352 1813 2464 1873 fu-

33 1903 38 1907 ·
185 1871 455 1971 Fugfessm,
491 1881 840 1961 g1tivorum
875 1886 1141 1965 opibus,
1187 1904 1258 1950 ut
1291 1890 1370 1950 ad
1410 1892 1815 1974 septuaginta
1844 1902 2226 1955 armatorum
2261 1893 2468 1958 millia

43 2013 48 2020 .
114 1988 241 2024 rum
262 1972 461 2048 copiae.
491 1962 730 2039 effent3
785 1963 925 2025 bini
962 1971 1320 2043 exercitus,
1365 1974 1763 2056 totidemque
1800 1974 1998 2038 duces
2029 1978 2271 2038 Italiam
2308 1997 2466 2057 per-

486 2058 893 2125 vagarentur.
992 2050 1227 2130 Igitur,
1291 2075 1668 2138 quamquam
1721 2057 2026 2118 ambobus
2085 2059 2467 2121 consulibus

488 2123 822 2185 decretum
869 2126 935 2188 id
978 2130 1218 2192 bellum
1261 2154 1404 2196 cum
1440 2137 1684 2198 duabus
1720 2139 2089 2222 legionibus
2112 2141 2310 2211 effen,
2371 2140 2463 2233 Q.

485 2206 684 2267 Arrio
728 2213 1016 2290 praetori
1055 2214 1247 2275 etiam
1284 2217 1466 2279 datae
1501 2221 1724 2303 copiae
1764 2235 1942 2294 sunt,
1989 2222 2468 2306 imperiumque

455 2286 546 2348 ,is
586 2289 861 2349 seorsim
902 2313 935 2351 a
976 2294 1343 2358 consulibus
1385 2297 1880 2382 habere‘jull'us.
1968 2302 2275 2364 Consules
2325 2318 2469 2365 tum

463 2383 678 2513 {xl-anf·
727 2372 803 2433 L.
850 2373 1101 2437 Gellius
1147 2380 1524 2464 Poplicola,
1604 2384 1718 2446 Cn.
1763 2379 2106 2448 Cornelius
2150 2385 2466 2462 Lentulus

573 2472 611 2512 o
660 2474 866 2522 ianus.

141 2580 470 2637 Eorumma.
617 2576 694 2634 11.
734 2577 937 2639 Forte
966 2578 1388 2647 Germanicae
1428 2582 1730 2649 cohortes
1772 2584 2170 2650 duce'Crixo
2210 2609 2330 2672 per
2360 2586 2469 2649 fe-

117 2666 226 2715 gna
275 2667 415 2719 pars
494 2654 737 2715 rociam
776 2678 812 2717 a
846 2659 1153 2742 Spartaco
1196 2686 1265 2726 se
1312 2667 1735 2751 abruperant,
1796 2683 1863 2731 et
1900 2669 2071 2733 circa
2099 2672 2486 2752 Garganum*

57 2808 60 2811 ,
116 2735 235 2834 ‘⁶3⁰3'
292 2717 443 2804 ἀπ’.
493 2750 774 2799 montem
814 2758 958 2801 cum
990 2744 1257 2826 triginta
1286 2749 1571 2811 millibus
1605 2765 1990 2813 armatorum
2025 2752 2294 2835 praedas
2318 2752 2469 2813 Cri-

116 2801 282 2908 nas-²⁹
299 2790 464 2842 “ud“
491 2838 608 2878 xus
657 2819 905 2901 agebat.
1000 2825 1251 2889 Idcirco
1297 2830 1372 2889 L.
1415 2832 1666 2894 Gellius
1703 2834 1935 2894 consul
1976 2854 2120 2895 cum
2161 2848 2470 2917 praetore

489 2899 724 2973 Arrio,
769 2918 1040 2985 repente
1074 2906 1366 2973 incautos
1401 2913 1646 2986 adorti,
1691 2914 1926 2997 viginti
1959 2915 2287 2977 hominum
2319 2916 2470 2976 mil-

488 2978 576 3039 lia
614 3000 757 3042 cum
791 2983 933 3066 ipso
968 2987 1169 3064 duce,
1212 2995 1544 3057 'acerrime
1582 2996 1844 3083 quidem
1880 3011 2277 3081 repugnante
2320 2999 2466 3074 illo,

475 3061 993 3143 prostraverunt.
1027 3097 1034 3106 ·

170 3163 472 3271 Spartacus
614 3187 720 3247 111.
764 3191 900 3250 Nec
943 3190 1094 3255 ideo
1128 3193 1342 3257 minor
1378 3196 1681 3261 adversus
1719 3201 2089 3284 Spartacum
2119 3201 2325 3264 moles
2356 3223 2469 3265 su-

123 3276 304 3324 ambos
354 3294 469 3328 con-
496 3282 794 3348 perer-at:
853 3272 997 3353 qui,
1055 3275 1326 3339 cavendi
1367 3281 1822 3366 pugnandique
1866 3285 2169 3367 egregius
2203 3285 2466 3360 artifex,

124 3341 263 3395 sulas
279 3344 468 3400 vincit.
498 3350 873 3412 occasiones
912 3369 978 3415 et
1008 3371 1277 3419 eventus
1310 3380 1535 3423 omnes
1617 3365 1833 3426 rorsus
1867 3366 1951 3425 im
2005 3366 2284 3428 eratorio
2310 3387 2470 3428 con-

429 3453 436 3472 ι
498 3429 648 3490 silio
687 3431 766 3493 ad
802 3455 982 3495 suum
1023 3440 1428 3501 commodum
1469 3385 1781 3507 traEebat.
1862 3448 1948 3508 Se
2029 3448 2161 3520 illi,
2219 3469 2340 3529 per
2374 3452 2468 3510 A·

456 3527 460 3536 ·
492 3513 841 3593 penninum
875 3516 954 3576 ad
981 3519 1181 3602 Alpes
1220 3523 1548 3600 tendenti,
1606 3540 1677 3588 ut
1707 3527 1776 3587 in
1811 3529 2083 3590 Galliam
2116 3530 2426 3593 evaderet
2446 3574 2466 3607 ,

490 3594 802 3657 Lentulus
847 3599 1066 3661 consul
1110 3623 1180 3662 se
1226 3604 1501 3684 objecit:
1562 3607 1853 3669 eumdem
1900 3633 1934 3670 a
1977 3625 2165 3695 tergo
2199 3611 2275 3673 L.
2307 3613 2470 3673 Gel-

494 3675 621 3734 lius
668 3678 1005 3742 conclusit.
1104 3684 1220 3745 Ille
1269 3688 1576 3760 viciniat,
1635 3709 1778 3750 cum
1817 3693 2124 3754 ambobus
2173 3693 2470 3757 conserta

493 3775 700 3832 manu,
745 3771 1086 3847 utrumque
1124 3768 1373 3850 magnis
1410 3781 1475 3830 et
1505 3770 1828 3854 pudendis
1868 3773 2160 3837 cladibus
2199 3775 2465 3853 adfecit,

564 3945 705 4019 Cap.
740 3946 786 4002 I.
838 3952 1082 4034 Eutrop.
1126 3951 1166 4006 1.
1203 3957 1257 4021 4.
1308 3952 1565 4026 Appian.
1618 3953 1792 4011 Civil.
1835 3957 1878 4010 l.
1914 3978 1963 4012 1.
2015 3959 2167 4016 Plut.
2224 3964 2470 4024 Crasso.

495 4014 667 4068 Oros.
696 4019 747 4080 5,
779 4022 863 4085 24.
897 4019 1150 4091 Appuan.
1185 4020 1311 4076 Liv.
1332 4023 1492 4098 Epic.
1561 4026 1705 4099 Cap.
1726 4028 1804 4082 11.
1840 4028 1994 4085 Plut.
2031 4029 2283 4105 Appiau.
2307 4032 2466 4091 Plut.

494 4082 666 4138 Oros.
705 4085 832 4142 Liv.
858 4088 1015 4160 Epit.
1055 4088 1313 4164 Appian-
