2717 4667
300 492 378 551 15.
392 510 448 548 c.
460 487 585 549 685.

305 564 382 621 A.
394 564 465 621 C.

609 282 732 360 438
808 279 1219 347 famma.
1256 252 2081 386 SUPPLEMnNTom'JM
2106 286 2482 351 Lm.1,x1x.

615 494 735 557 Cn.
769 495 932 555 Pom
980 490 1119 574 ejus
1174 479 1239 554 ei
1281 487 1504 552 dedit:
1568 485 1745 572 quod
1781 487 2178 570 pauciffimis
2225 492 2394 554 omni
2428 516 2565 560 aevo

615 575 890 660 contigit
977 593 1153 637 ecus.
1923 598 1927 602 ·

730 707 991 769 XXXII.
1038 702 1170 768 Sed
1203 706 1364 765 Pom
1418 702 1595 784 ejus,
1645 702 1844 766 rebus
1878 705 1967 766 ita
2010 704 2361 781 ordinatis,
2402 729 2565 791 quum

607 789 791 853 velut
827 787 1130 870 indagine
1164 786 1348 848 ,cinxi
1406 800 1470 848 et
1507 788 1707 852 maria
1729 827 1746 859 ‚
1805 787 1993 850 brevi
2034 802 2329 931 ,tempore
2362 791 2563 874 pirata-

604 892 749 934 rum
803 869 1236 967 perplurimas
1292 888 1491 930 naves
1548 869 1763 951 cepit:
1831 882 1897 930 et
1943 869 2111 932 intra
2199 872 2295 933 ies
2340 872 2565 934 omnino

520 956 527 962 “
605 952 1026 1037 quadraginta
1061 971 1239 1017 mare
1279 953 1603 1049 Tuscum,
1649 947 1993 1031 Libycum,
2042 952 2389 1024 Sardoum,
2436 955 2564 1017 Cor·
2663 949 2664 956 '

442 1109 448 1126 Ι
540 1111 545 1118 Ἀ
605 1037 849 1108 sicum,
898 1032 1223 1104 Siculum,
1277 1043 1613 1115 totumque
1661 1035 1937 1093 tractum
1970 1034 2332 1097 occidentis
2368 1037 2448 1097 ita
2481 1054 2566 1095 re-

600 1115 923 1202 purgavit,
970 1127 1041 1176 ut
1075 1114 1252 1174 nulla
1287 1127 1630 1196 praeterea
1672 1113 2074 1196 praedonum
2097 1116 2293 1185 'navis
2329 1131 2567 1201 usquam

603 1210 1031 1281 compareret.
1116 1194 1275 1256 Inde
1321 1196 1593 1256 Romam
1637 1196 1968 1272 recurrit,
2028 1197 2141 1258 ubi
2183 1199 2404 1259 consul
2434 1198 2567 1259 Piso
2636 1249 2640 1258 «

603 1278 1082 1366 per'invidiam
1127 1290 1194 1346 et
1230 1277 1394 1337 iram
1430 1290 1773 1361 apparatus
1816 1275 1955 1357 ejus
2001 1279 2432 1367 impediebat3
2482 1299 2569 1341 ac-

601 1363 961 1446 ceptusque
1004 1358 1093 1421 est
1129 1379 1371 1420 summa
1404 1359 1833 1441 gratulatione
1871 1361 2119 1443 populi,
2163 1376 2472 1447 tamquam
2505 1382 2570 1422 ex

601 1443 903 1505 diuturna
948 1439 1486 1526 peregrinatione
1526 1440 1918 1502 revertisset.
1977 1440 2101 1523 jam
2155 1444 2329 1505 enim
2372 1457 2569 1528 pacato

600 1525 798 1607 longe
833 1524 1090 1607 lateque
1139 1521 1303 1583 mari
1340 1542 1590 1584 annona
1631 1523 1973 1590 laxaverat.
2074 1523 2147 1586 Id
2190 1528 2362 1586 enim
2406 1531 2570 1609 prae-

584 1607 798 1691 =cipue
838 1625 1031 1667 curae
1066 1604 1380 1667 habuerat
1402 1599 1776 1700 Pompeius»,
1824 1618 1895 1684 ut
1926 1605 2237 1681 Siciliam,
2284 1607 2569 1681 Africam,

607 1687 1002 1760 Sardiniam,
1046 1688 1169 1748 tria
1206 1684 1630 1750 frumentaria
1667 1685 1849 1747 urbis
1888 1687 2208 1762 subsidia,
2256 1689 2572 1752 confirma·

190 1799 194 1804 ’
283 1777 590 1836 Praedam
606 1783 748 1832 ret:
804 1781 892 1841 et,
936 1768 1219 1830 nondum
1250 1766 1745 1849 tempestivoad
1778 1769 2205 1851 navigandum
2228 1772 2418 1845 mari,
2456 1792 2570 1833 om-

222 1850 581 1924 nup-mpefi.

607 1872 727 1916 nes
768 1851 912 1912 illas
952 1849 1328 1934 provincias
1379 1850 1523 1945 ipse
1565 1849 1893 1918 adiverat:
1954 1872 2311 1937 magnaque
2351 1854 2570 1916 vifru.

598 1932 811 1996 menti
847 1931 916 1991 in
947 1951 1145 1992 naves
1182 1932 1518 2014 imposita,
1565 1952 1759 2014 quum
1800 1931 1882 1992 ob
1919 1933 2357 2018 tempestatem
2391 1950 2569 1999 ortam

514 2081 518 2087 ¹
602 2015 1075 2098 gubernatores
1128 2026 1628 2085 cunctarentur,
1669 2014 1943 2095 ,primus
2002 2015 2414 2091 conscendit,
2480 2039 2569 2078 an-

307 3580 585 3651 Pompeius

221 3651 463 3703 Cinciam
477 3656 590 3703 bre-

221 3718 278 3771 m‘
309 3730 542 3788 tempore

215 3786 448 3858 subigit.

603 2097 997 2178 choramque
1034 2093 1195 2159 velli
1226 2093 1434 2176 jussit,
1479 2093 1688 2156 nobili
1725 2115 1886 2158 voce
1926 2097 2130 2174 edita,
2178 2099 2568 2185 Navigamu-

604 2177 795 2260 cffam
828 2179 930 2259 εμὲ
944 2200 965 2249 ,·
1026 2179 1212 2237 vivere
1247 2196 1354 2236 non
1394 2175 1671 2256 neceffiam.

726 2310 1018 2372 XXXIII.
1063 2311 1271 2369 Tanto
1309 2308 1516 2388 major
1555 2328 1635 2371 ex
1671 2310 1911 2372 merito
1945 2312 2148 2393 gratia
2186 2311 2359 2407 apud
2391 2332 2572 2395 popu-

606 2393 741 2455 lum
777 2391 905 2453 fuit
930 2413 949 2452 ε
1022 2410 1102 2451 eo
1154 2403 1251 2451 ue'
1278 2389 1653 2453 adversatus
1698 2392 1762 2453 ei
1805 2394 2027 2454 consul
2069 2414 2439 2478 graviorem
2482 2413 2575 2454 ex-

656 2487 834 2537 ertus
890 2471 1000 2534 est*
1026 2472 1094 2532 in
1144 2471 1539 2555 ignationem
1591 2473 1920 2552 omnium3
1978 2475 2275 2559 nihilque
2321 2475 2575 2559 propius

605 2498 880 2630 fictum,
949 2575 1137 2638 quam
1180 2567 1254 2614 ut
1294 2553 1660 2638 magistratu
1701 2555 2133 2635 dejiceretur:
2206 2576 2473 2641 eamque
2517 2555 2578 2617 iu

604 2659 749 2700 rem
800 2634 1229 2720 conscriptam
1284 2636 1408 2713 jam
1459 2636 1862 2720 rogationem
1921 2638 2236 2699 Gabinius
2298 2638 2576 2699 habebat.

608 2718 775 2789 Sed,
821 2718 1214 2805 deprecante
1248 2716 1600 2800 Pompeio,
1645 2739 1757 2780 res
1790 2720 2029 2781 omiss'a.
2067 2719 2228 2803 ipsi,
2276 2717 2579 2804 quidquid

605 2800 935 2871 voluerat,
998 2798 1438 2860 liberalissime
1496 2800 1621 2877 jam
1674 2800 1866 2862 etiam
1915 2802 2016 2862 ab‘
2054 2814 2278 2863 senatu
2330 2819 2579 2886 quoque

609 2880 946 2943 decretum
975 2877 1083 2950 est,
1137 2878 1274 2963 post
1320 2901 1465 2941 uam
1503 2879 1734 2942 frustra
1778 2902 1923 2944 cum
1960 2883 2256 2966 periculo
2291 2881 2579 2945 fortunae

608 2962 854 3045 gratiae
904 2980 985 3023 ue
1021 2962 1290 3045 Pompej
1359 2983 1429 3024 se
1465 2961 1672 3025 obniti
1711 2965 2050 3027 sentiebat.
2118 2968 2347 3048 Neque
2384 2978 2581 3025 tamen

604 3047 875 3106 retinen
913 3044 936 3103 i
986 3044 1394 3127 conscriptas
1442 3045 1510 3106 in
1560 3044 1851 3106 Ciliciam
1901 3047 2199 3129 legiones
2251 3058 2581 3130 praetextu

606 3122 829 3187 consul
862 3124 1143 3197 carebat,
1193 3126 1341 3208 quia
1377 3124 1668 3188 coloniae
1697 3127 1984 3201 Latinae,
2035 3148 2189 3210 quas
2220 3127 2402 3189 bello
2425 3131 2580 3188 Mar-

609 3206 748 3268 sico
787 3208 902 3268 Cn.
936 3205 1285 3289 Pompeius
1323 3208 1543 3291 Magni
1581 3221 1768 3291 pater
1803 3222 1981 3271 trans
2018 3209 2261 3272 Padum
2307 3207 2583 3270 deduxe-

604 3302 740 3360 rat,
785 3286 1119 3370 instigante
1157 3288 1226 3351 C.
1260 3289 1567 3362 Caesare,
1629 3289 1902 3352 consilia
1939 3291 2020 3355 de
2054 3290 2330 3374 petenda
2367 3288 2582 3353 civita-

605 3381 674 3431 te
701 3373 987 3432 Romana
1023 3368 1373 3452 agitantes,
1422 3371 1860 3456 suspicionem
1892 3394 2111 3435 rerum
2141 3392 2455 3436 novarum
2484 3390 2584 3433 ex-

606 3452 920 3514 civerant.

728 3556 1031 3644 xxxlv„
1066 3557 1454 3640 PomperS,
1498 3559 1668 3622 ha'ud
1709 3559 1986 3632 diutius,
2025 3579 2226 3643 ,quam
2259 3547 2585 3630 ¹necessum

611 3642 782 3712 erat,
826 3640 1070 3700 Romae
1099 3654 1423 3715 moratus,
1466 3641 1905 3715 Brundisium,
1951 3642 2065 3702 ubi
2102 3640 2583 3723 classem-oppe-

608 3720 733 3785 riri
769 3720 1063 3801 jufferat,
1127 3734 1192 3782 et
1234 3720 1389 3784 inde
1437 3723 1663 3788 versus
1715 3722 2035 3785 orientem
2062 3720 2428 3808 ‘profectus
2481 3716 2581 3783 est.

675 3909 820 3980 Cap.
850 3909 1051 3963 XXXI.
1087 3905 1240 3961 Plin.
1272 3925 1328 3975 7,
1354 3908 1442 3963 30.
1478 3919 1538 3963 et
1568 3910 1650 3977 26,
1686 3910 1741 3978 4.
1812 3907 1959 3982 Cap.
1986 3911 2214 3965 XXXII.
2254 3908 2422 3964 Flor.
2454 3908 2579 3965 Liv.

605 3977 763 4049 Epit.
800 3975 1057 4099 „qupiarh
1093 3976 1247 4030 Plut.
1286 3976 1541 4098 quian.
1567 3980 1714 4060 pio.
1748 3977 2054 4036 Plut.Gic.
2076 3997 2190 4050 pro
2206 3981 2357 4048 Lege
2376 3978 2576 4032 Manil.
2663 4059 2664 4074 χ

607 4064 661 4098 c.
691 4062 778 4099 υ.
895 4054 977 4097 ut.
1015 4043 1316 4115 Apopbtli.
1411 4061 1527 4100 om.
1566 4065 1626 4099 ιη
1656 4050 1797 4101 Pom
1849 4086 1863 4101 .
1953 4047 2102 4131 Cap.
2130 4048 2391 4102 XXXIII.
2430 4046 2577 4101 Plut.

604 4112 742 4168 Dio.
782 4112 939 4166 Plut.
973 4112 1111 4166 Dio.
1155 4113 1400 4171 sueton.
1438 4113 1607 4171 Caes.
1636 4116 1760 4176 αθ.
1851 4134 2013 4172 scon.
2037 4135 2097 4172 m
2115 4114 2308 4174 Pison.
2330 4115 2578 4172 Sueton-
2663 4171 2664 4184 ¹

604 4179 750 4252 Cap.
775 4179 1034 4237 XXXIV.
1068 4180 1225 4236 Plut.
1254 4198 1267 4208 ·
