2717 4667
468 245 577 309 m
617 241 916 308 Loctm
952 243 1125 308 mn.
1166 189 1451 310 xcvm.
1495 241 1723 311 mvn.
1983 213 2114 327 407⁸

132 472 406 537 corpora
427 497 447 526 ‚
508 452 643 514 nisi
688 449 826 536 post
878 463 1376 514 consummatam
1428 449 1769 514 victoriam
1790 494 1807 525 ,
1874 470 2111 513 severo
2170 448 2241 503 U·
2276 465 2328 501 θ·
2358 445 2484 504 683·

44 581 45 586 1
171 535 476 618 reposito
509 534 749 604 edicto,
798 537 1117 596 vetuerat.
1169 533 1372 616 igitur
1405 552 1529 616 per
1565 533 1937 616 quindecim
1967 533 2112 594 mil·
2139 591 2150 604 ,
2173 517 2246 575 Α·
2273 518 2341 573 C·
2361 521 2452 588 ⁶9·

129 558 212 678 iia
238 617 571 700 pass'uum,
617 616 896 677 armillas
929 628 1327 700 torquesque
1367 634 1597 676 aureos
1633 614 1968 688 calcand0‚
2013 615 2115 676 in-

138 718 199 759 sc
243 698 391 759 uuti
431 697 675 759 hostem
710 712 889 760 sunt:
936 695 1055 759 sub
1094 711 1353 758 noctem
1390 695 1645 757 demum
1677 695 1954 770 reversi,
1985 697 2115 757 Lu-

144 720 295 841 culdo
348 779 477 859 jam
521 780 979 864 permittente,
1036 779 1338 860 legerunt
1383 778 1610 861 spolia.
1695 777 1996 841 Peditum
2039 776 2121 839 ad
2191 839 2195 848 ,

142 860 330 921 millia
371 876 632 923 eentum
666 859 1011 922 interfecta
1044 859 1407 931 traduntur,
1453 862 1706 942 equites
1742 859 1927 922 valde
1962 882 2119 957 pau-

142 943 192 1004 οἰ
234 940 578 1026 effugiffe3
638 963 832 1028 quum
872 943 1161 1004 victores
1205 942 1468 1002 omnino
1506 943 1791 1026 quinque
1842 940 2122 1004 cecidis-
2175 936 2181 944 ’

141 1039 313 1097 sent,
350 1039 628 1087 centum
670 1024 873 1086 essent
909 1023 1262 1086 vulnerati:
1323 1036 1395 1084 ut
1435 1023 1616 1105 ipsos
1653 1022 2125 1109 propemodum

139 1106 420 1189 puderet
472 1106 784 1168 victoriae
841 1125 1027 1178 suae,
1097 1106 1209 1188 qui
1264 1124 1410 1166 cum
1462 1105 1698 1167 talibus
1747 1105 2124 1188 mancipiis,

42 1193 45 1266 I,
142 1187 324 1270 quasi
366 1207 514 1247 cum
549 1187 749 1261 viris,
796 1188 981 1270 signa
1016 1187 1445 1252 contuliffent.
1510 1200 1637 1248 tam
1671 1188 1802 1249 levi
1840 1207 2129 1250 momen-

42 1287 45 1346 j
138 1281 204 1329 to
256 1267 558 1348 dejectus
612 1269 1024 1331 conculcatus
1074 1287 1155 1330 ue
1261 1268 1634 1330 otentiffimi
1677 1268 1895 1353 regiS,
1955 1267 2130 1350 ejus-

42 1357 43 1364 ’
144 1349 423 1435 demque
460 1350 931 1434 superbiffimi,
974 1349 1040 1413 fa
1093 1371 1169 1411 us
1239 1349 1356 1412 uit.

233 1480 524 1547 XLVIII.
555 1479 769 1564 Atque
793 1482 940 1579 ipse
958 1480 1132 1543 inter
1150 1482 1400 1579 primos
1425 1480 1708 1564 fugiens,
1738 1482 1848 1543 vix
1870 1494 2127 1543 centum
2189 1501 2471 1572 ’μίμημα

151 1562 608 1704 quinquaginta
650 1564 977 1646 equitibus
1012 1577 1388 1636 comitatus,
1436 1584 1631 1646 quum
1668 1562 1870 1625 filium
1912 1565 1980 1623 in
2022 1583 2127 1623 ea·
2166 1570 2444 1641 Tigranis.

202 1664 295 1704 em
342 1645 606 1706 fortuna
658 1644 1104 1729 conspiceret,
1168 1644 1459 1706 diadema
1519 1645 1715 1730 capiti
1772 1644 2132 1706 detractum

160 1725 444 1807 porrexit
483 1726 859 1800 lacrimans,
904 1726 1076 1806 juffit
1122 1746 1206 1787 ue
1248 1727 1410 1799 alia,
1456 1747 1578 1809 qua
1615 1725 1985 1797 videretur,
2030 1724 2135 1786 via

173 1806 422 1868 salutem
464 1828 800 1891 quaerere.
883 1807 1094 1869 Adole
1120 1809 1317 1880 bens,
1365 1807 1703 1891 imponere
1743 1808 1869 1869 sibi
1909 1808 2136 1868 tiaram
2251 1843 2280 1866 s

168 1906 293 1948 non
324 1887 536 1962 ausus,
586 1888 973 1951 servandum
1015 1889 1128 1950 uni
1168 1910 1247 1951 ex
1285 1888 1603 1952 fidissimis
1646 1890 1846 1952 dedit.
1906 1903 2136 1983 atque,

165 1988 245 2029 eo
282 1983 499 2051 capt0,
565 1970 856 2033 diadema
900 1990 1160 2068 quoque
1205 1991 1349 2034 cum
1395 1971 1917 2059 dependentibus
1956 1969 2142 2033 vittis

155 2052 455 2133 pervenit
496 2051 564 2112 in
602 2050 975 2137 potestatem
1015 2053 1313 2116 victoris.

271 2185 503 2246 XLIX.
545 2184 906 2266 Pugnatum
941 2183 1030 2247 est
1063 2184 1280 2268 pridie
1314 2203 1520 2245 nonas
1538 2181 1889 2257 Octobres,
1921 2200 2140 2265 quam·
2183 2202 2530 2275 pugnam,

159 2264 254 2329 vis
289 2266 404 2326 illa
438 2265 577 2327 dies
600 2308 618 2337 ,
675 2266 760 2329 ob
801 2266 1050 2329 cladem
1090 2266 1442 2349 Caepionis
1481 2263 1869 2330 ,Cimbricam
1892 2305 1909 2332 ,
1969 2262 2141 2324 inter
2165 2288 2217 2329 ee
2253 2275 2317 2328 de
2349 2289 2411 2328 ea
2438 2273 2522 2325 di-

159 2360 322 2410 atras
356 2346 729 2409 haberetur.
794 2347 927 2411 Sed
955 2349 1267 2410 Lucullus
1299 2347 1371 2411 id
1401 2345 1812 2408 submonenti
1838 2343 2140 2425 cuipiam,
2165 2354 2303 2426 egunt
2319 2338 2525 2397 Lacut-

158 2450 224 2489 ex
263 2449 394 2489 atra
416 2430 744 2508 sucturum,
792 2427 1160 2513 respondit,
1207 2430 1529 2499 camlidam3
1599 2425 1797 2509 idque
1853 2444 1997 2486 cum
2044 2425 2143 2484 in·
2168 2414 2241 2467 ¹⁸·

76 2509 87 2522 ”
160 2510 342 2593 genti
381 2532 496 2573 sua
525 2510 736 2594 gloria
763 2509 1097 2596 praestitit.
1179 2514 1538 2592 Numquam
1575 2520 1756 2568 tanto
1793 2505 2149 2567 inferiores

158 2611 433 2655 numero
462 2591 734 2655 Romani
765 2615 854 2677 pu
900 2606 1227 2656 naverant.
1273 2611 1399 2654 nec
1431 2590 1602 2652 enim
1633 2587 2007 2651 vicesimam
2029 2585 2152 2647 ho-

148 2672 341 2736 -stium
381 2687 633 2756 partem
667 2675 870 2737 Lucul
900 2675 922 2737 i
964 2674 1290 2736 exercitus
1326 2668 1738 2755 adaequabat.
1824 2667 1957 2730 Sed
1984 2666 2154 2750 apud

162 2756 415 2864 peritos
447 2754 609 2818 belli
636 2750 762 2818 hoc
800 2755 1030 2817 summi
1067 2755 1252 2817 ducis
1288 2764 1734 2837 argumentum
1772 2748 2150 2821 habebatur,

166 2837 341 2926 Qud
389 2836 635 2900 duabus
684 2835 1130 2900 diversiss'imis
1182 2836 1430 2898 artibus
1476 2831 1945 2896 celeberrimos
1988 2829 2153 2891 duos

169 2918 396 2981 aetatis
434 2918 572 2998 ejus
601 2937 794 3002 reges
814 2962 833 2992 ‚
876 2917 1320 2982 Mithridatem
1348 2914 1648 3004 fregilIet
1677 2932 1880 2988 mora,
1923 2910 2158 2995 Tigra-

167 3021 316 3063 nem
356 2999 693 3063 celeritate
733 3000 1115 3063 obtriviss'et.

288 3134 369 3194 1..
418 3131 634 3215 Atque
672 3147 782 3194 res
812 3146 942 3194 tam
973 3130 1328 3215 improvisa
1358 3127 1560 3200 etiam
1579 3123 2024 3189 Mithridatem
2054 3122 2157 3188 fe·
2213 3140 2510 3199 marm..
2545 3143 2554 3148 ·

167 3213 464 3286 fellerat,
527 3213 671 3295 qui,
731 3215 1069 3276 Lucullum
1116 3213 1340 3297 priore
1377 3210 1539 3272 belli
1587 3205 1863 3293 gerendi
1904 3205 2157 3267 ratione
2183 3213 2532 3282 mssgranem

170 3296 431 3357 usurum
476 3309 690 3369 ratus,
732 3316 861 3356 non
903 3291 1334 3357 maturaverat
1374 3291 1456 3352 ad
1491 3290 1843 3374 Tigranem
1887 3284 2155 3381 accede:
2180 3280 2512 3338 ewulm&-

169 3389 297 3440 re.'
353 3376 684 3438 'residenti
737 3377 815 3438 ad
863 3376 1043 3438 illum
1094 3385 1527 3437 occurrerunt
1570 3372 1642 3433 in
1688 3371 1930 3433 itinere
1973 3386 2162 3449 pauci

170 3459 475 3544 primum,
520 3456 758 3520 deinde
794 3460 1020 3542 plures
1053 3455 1485 3551 profugorum
1518 3471 1600 3514 ex
1684 3449 1919 3514 roelio.
1960 3446 2158 3521 unde,

174 3540 441 3623 cognito
477 3537 784 3601 Tioranis
821 3539 1000 3611 casu,
1043 3536 1395 3622 requisivit
1431 3553 1580 3596 eum
1661 3532 2000 3616 iligenter:
2043 3542 2176 3591 ne-'

175 3643 303 3706 que
362 3588 659 3684 reddidit
708 3619 1167 3692 contumelias,
1234 3616 1388 3690 sed,
1452 3635 1533 3677 ex
1582 3635 1754 3701 equo
1809 3609 2159 3684 desiliens,

172 3701 415 3766 vestem
453 3703 516 3765 ei
549 3701 794 3785 regiam
814 3745 832 3776 ,
874 3699 1042 3762 haud
1073 3699 1483 3768 inferiorem,
1530 3716 1717 3778 quam
1749 3691 1994 3778 gestare
2028 3705 2168 3755 erat

177 3787 452 3861 solitus,
502 3784 732 3869 suique
767 3783 1107 3846 comitatus
1136 3793 1387 3865 partem
1426 3775 1641 3857 dedit;
1682 3776 1986 3862 bonoque
2024 3773 2164 3839 ani-

208 4025 215 4030 ,⁷
243 3994 395 4066 Cap.
413 3981 661 4075 ‚XL-Vll.
711 3991 866 4047 Plut.
935 3991 1015 4046 Ca
1067 4027 1082 4044 .
1124 3988 1388 4045 XLVIII.
1435 3988 1611 4042 Oros.
1644 3987 1714 4048 6,
1749 3980 1804 4038 ὅ.
1859 3981 2163 4064 Memnon.

175 4061 328 4117 Plut.
359 4061 645 4133 xiphilin.
696 4061 844 4134 Cap.
866 4061 991 4117 XLI
1096 4060 1251 4116 Plut.
1283 4049 1577 4134 Apophtln
1600 4054 1770 4112 Rom.
1788 4047 2166 4109 etmLucull·

180 4131 329 4207 Cap.
357 4134 423 4190 Ι...
464 4131 767 4188 Memnon.
