2717 4667
882 884 1469 961 JOHANle
1566 843 2349 958 'FREINSHEMH

755 1096 1508 1158 SUPPLEMENTORUM
1544 1099 2028 1157 LIVIANORUM
2071 1097 2299 1154 LIBER
2333 1091 2498 1153 Lm.

839 1247 928 1351 1‘N
970 1288 1278 1353 Locum
1330 1290 1565 1371 Luam
1605 1288 2023 1356 Lxxxvm.
2069 1291 2148 1355 T.
2189 1287 2417 1355 mvn.
2524 1271 2527 1274 ’

314 1524 600 1591 U·0·670·
733 1532 796 1594 ,1.
857 1530 1087 1597 Paullo
1132 1551 1314 1612 ante,
1378 1555 1567 1620 quam
1603 1517 1781 1596 Sulla
1823 1530 1904 1595 ad
1943 1523 2390 1612 Sacriportum
2437 1528 2636 1592 dimi-

320 1595 394 1653 Α·
421 1594 597 1652 08²·
627 1626 839 1686 caret,
905 1636 940 1674 a
979 1609 1256 1682 ducibus
1294 1617 1435 1699 ejus
1458 1660 1475 1688 ‚
1537 1615 1790 1679 duobus
1832 1612 2134 1677 Serviliis
2178 1612 2258 1674 ad
2296 1613 2633 1686 Clusium,

624 1695 895 1755 Metello
935 1697 1059 1758 Pio
1106 1700 1182 1760 ad
1225 1699 1640 1772 Faventiam,
1707 1702 1798 1758 M.
1840 1694 2112 1759 Lucullo
2164 1694 2338 1756 cirea
2380 1696 2636 1756 Fiden-

623 1777 800 1849 tiam,
843 1777 1287 1844 Carbonianos
1325 1779 1686 1863 magnificis
1719 1778 1996 1862 proeliis
2027 1775 2238 1838 victos
2264 1796 2438 1848 esse,
2476 1778 2636 1839 Vel-

621 1858 788 1938 lejus
818 1861 1200 1925 Paterculus
1234 1862 1481 1927 retulit.
1570 1860 1703 1924 Sed
1734 1882 1879 1944 ego,
1926 1858 2265 1918 Livianam
2293 1856 2635 1919 historiam

620 1938 912 2023 vestigiis
948 1962 1423 2028 persequutus,
1470 1944 1710 2005 seriem
1740 1963 1990 2012 rerum,
2038 1939 2318 2022 Appiani
2361 1960 2633 2025 quoque
2708 1955 2710 1960 '

620 2021 989 2084 testimonio
1024 2024 1263 2101 fultus,
1310 2027 1503 2088 aliter
1539 2025 1866 2092 contexui.
1950 2020 2158 2103 Igitur
2189 2022 2426 2104 quibus
2467 2036 2632 2085 tem·
2708 2033 2710 2036 '

623 2103 897 2200 poribus
941 2109 1245 2189 repulsus
1283 2109 1453 2170 intra
1476 2103 1889 2168 Praenestina
1921 2103 2179 2163 moenia
2199 2104 2445 2164 Marius
2484 2104 2633 2177 suit,

315 2190 492 2245 Carbo
518 2201 571 2244 et
626 2186 864 2246 iisdem
904 2186 982 2246 ad
1025 2188 1374 2251 faventiam
1413 2189 1623 2251 Carbo
1660 2188 2170 2267 Norbanusque,
2230 2205 2353 2268 per
2390 2185 2636 2247 absen-

244 2259 536 2314 Norbanus
589 2283 594 2288 ·
626 2267 781 2329 tiam
820 2268 1037 2330 Sullae
1078 2273 1349 2334 Metello
1389 2271 1842 2341 imminentes,
1903 2267 2265 2328 con'unctis
2317 2267 2639 2330 exerciti·

229 2328 600 2397 Mmm‘m’P'
626 2349 748 2410 bus
786 2369 996 2433 prope
1036 2351 1232 2414 castra
1272 2354 1450 2434 eiua,
1496 2352 1607 2414 vix
1643 2373 1767 2414 una
1802 2350 1963 2411 hora
2004 2291 2139 2410 diei
2175 2349 2468 2431 reliqua,
2521 2370 2637 2411 ve-

219 2409 554 2470 pug'm‘m'
625 2445 884 2495 nerunt.
941 2436 1047 2506 Et,
1095 2457 1477 2520 quamquam
1507 2431 1710 2495 statim
1743 2431 2040 2493 adfutura
2075 2452 2203 2492 nox
2236 2443 2396 2503 erat,
2490 2452 2636 2493 rae-

623 2527 806 2576 terea
852 2512 1065 2577 locum
1108 2516 1439 2601 pugnandi
1482 2515 1675 2577 densa
1722 2516 1964 2576 circum
2007 2513 2228 2573 vineta
2270 2527 2447 2573 arcta
2502 2528 2636 2587 ant,

624 2595 723 2656 ira
759 2596 966 2677 magis
1012 2619 1198 2679 quam
1241 2597 1522 2660 consilio
1562 2596 1875 2679 impetum
1910 2594 2248 2666 fecerunt,
2305 2608 2640 2678 tamquam

285 2682 536 2761 .Maguq
624 2676 959 2761 inopinata
994 2681 1254 2743 audacia
1340 2681 1442 2739 lus
1478 2678 1853 2740 formidinis
1897 2675 2163 2737 illaturi.-
2228 2675 2356 2742 Sed
2396 2677 2640 2759 iniquo

247 2752 436 2819 stne·
479 2763 597 2803 ¹²⁸⁸·
628 2758 817 2829 loco’,
866 2779 1061 2841 quum
1099 2763 1273 2847 impe
1323 2761 1400 2821 iti
1438 2757 1681 2824 vitibus
1715 2760 1956 2821 milites
1997 2757 2463 2841 prociderent,
2517 2780 2640 2820 ne-

255 2831 477 2873 ‘mmm
630 2861 759 2925 que
797 2843 991 2904 armis
1032 2844 1128 2904 uti
1166 2845 1455 2927 poss'ent,
1499 2862 1725 2926 magna
1762 2842 1960 2904 caede
1997 2841 2157 2901 victi
2198 2854 2385 2915 sunt3
2433 2862 2640 2902 exer-

629 2922 931 3006 citusque
970 2925 1178 2986 omnis
1209 2926 1295 2986 ita
1328 2925 1688 3008 dissipatus,
1737 2938 1808 2985 ut
1834 2936 2043 2983 morte
2075 2922 2301 2985 decem
2325 2924 2635 2994 millium,

533 3049 542 3058 -
631 3025 749 3066 sex
780 3005 1053 3067 millium
1085 3007 1489 3089 transfugio,
1536 3022 1943 3079 ceterorum,
1993 3025 2121 3087 quo
2154 3005 2389 3087 cuique
2424 3003 2640 3065 visum

628 3085 880 3161 fuerat,
939 3089 1312 3149 abeuntium
1360 3087 1770 3160 desertione,
1832 3108 1959 3148 non
2005 3087 2166 3148 ultra
2204 3087 2384 3149 mille
2412 3084 2638 3149 homi-

626 3188 784 3228 num
824 3170 1099 3232 servatis
1139 3170 1480 3234 ordinibus
1505 3171 1839 3234 Arretium
1876 3170 1960 3231 sit
1995 3168 2354 3232 reductum.

752 3277 829 3337 11.
873 3274 1017 3337 Alia
1052 3298 1312 3362 quoque
1347 3279 1525 3375 legio
1556 3280 1986 3350 Lucanorum,
2034 3297 2218 3359 quam
2241 3277 2323 3335 Ῥ.
2352 3272 2640 3337 Albino·

625 3377 870 3429 vanus,
934 3356 1048 3441 qui
1099 3380 1242 3421 cum
1279 3361 1491 3434 Mario
1548 3381 1705 3422 sene
1758 3357 1953 3420 hostis
2004 3357 2323 3438 judicatus
2372 3355 2634 3429 fuerat,

628 3439 944 3509 ducebat,
992 3439 1224 3502 frustra
1264 3442 1646 3526 indignante
1683 3441 2108 3511 AlbinovanO,
2158 3439 2340 3521 signa
2378 3437 2458 3497 ad
2486 3442 2640 3500 Me·-
2704 3447 2705 3450 ’

626 3522 857 3584 tellum
900 3524 1245 3586 transtulit.
1307 3523 1459 3596 ille„
1552 3545 1742 3596 uum,
1789 3523 2088 3584 omnibus
2118 3521 2416 3590 tentatis»,
2464 3521 2640 3582 reti-

624 3623 789 3666 nere
832 3602 1213 3669 deficientes
1255 3606 1525 3690 nequivi
1580 3620 1678 3678 et,
1727 3604 1805 3666 ad
1841 3605 2207 3684 Norbanum
2242 3623 2313 3665 se
2344 3602 2636 3686 recepit.

621 3684 885 3748 Deinde
921 3686 1049 3747 fata
1084 3689 1364 3770 partium
1386 3732 1403 3762 ‚
1451 3702 1516 3749 et
1546 3708 1733 3772 quam
1764 3684 1993 3747 frustra
2024 3686 2469 3756 obniteretur,
2519 3705 2640 3747 re-

619 3781 876 3911 stitans,
923 3769 1135 3832 animo
1166 3783 1581 3838 commutato,
1628 3789 1841 3851 neque
1874 3766 2154 3865 simplici
2184 3768 2438 3830 scelere
2468 3788 2641 3850 pro-

558 3883 563 3889 ·
667 3849 892 3912 itiouis
930 3865 1313 3927 contentus,
1356 3850 1731 3914 Norbanum
1766 3864 1865 3925 et,
1914 3871 2026 3934 qui
2067 3872 2192 3911 una
2228 3862 2455 3920 erant,
2505 3848 2639 3909 du·
2702 3871 2703 3884 ¹

628 3975 812 3988 ——0——wo

601 4038 831 4181 pigm-
864 4036 914 4093 1.
964 4036 1126 4098 Veli.
1160 4056 1215 4108 ²,
1249 4037 1338 4095 28.
1388 4037 1515 4097 Liv.
1551 4038 1710 4115 Epit.
1761 4025 2039 4112 Appian(
2068 4038 2245 4094 Oros·
2276 4037 2331 4106 5,
2368 4054 2454 4093 ao.
2495 4034 2629 4110 Ap-
