2717 4667
516 210 607 276 m
646 205 946 277 Locum
983 205 1147 269 Lm.
1190 197 1474 269 xcvm.
1524 159 1750 272 mvn.
1993 206 2116 285 403

126 417 486 482 Sextilium
515 418 798 503 legatum
834 434 978 482 cum
1012 414 1193 479 mille
1228 411 1552 478 sexcentis
1590 412 1955 496 equitibus,
1997 415 2118 480 mi·
2176 416 2248 478 U.
2269 435 2323 473 c.
2344 417 2468 476 ⁶83.

120 495 454 586 litumque
497 515 566 564 et
596 500 866 564 velitum
896 496 1066 562 haud
1102 498 1304 580 multo
1345 498 1587 580 majore
1626 515 1896 558 numero
1929 519 2118 581 prae-
2178 488 2448 560 A·C·⁴‘’9·

122 581 311 644 misit
325 589 354 660 3'
396 581 695 645 mandato
713 621 732 657 ,
773 600 869 656 ut,
913 601 1077 663 quum
1109 578 1578 662 appropirtquqffit
1603 576 1762 655 hostis
1779 619 1797 653 ‚
1843 583 1984 638 citra
2014 598 2118 660 pu..

116 684 257 745 gnae
275 666 611 745 ‘periculum
657 665 946 725 distinam
989 678 1108 722 eum
1122 701 1141 736 ‚
1188 660 1353 722 donee
1387 664 1596 722 munita
1632 657 1731 738 effi
1763 655 1936 741 castra
1966 657 2119 721 didi-

126 740 287 823 ciffet.
380 741 734 831 Imperium
777 739 963 812 ducis
1006 761 1202 828 quum
1243 760 1507 806 servare
1544 737 1853 803 Sextilius
1892 743 2115 816 vellet,
2161 741 2266 799 Sed
2278 744 2491 800 {sak--

131 823 384 910 impetu
424 827 744 904 ferociter
787 813 1230 890 invehentium
1274 843 1346 888 se
1384 820 1656 886 hostium
1693 822 2001 885 dimicare
2030 823 2117 885 est
2140 815 2320 866 *Μή*
2347 833 2457 869 ⁶⁴⁸²·

128 921 421 973 coactus.
466 929 555 996 pu
602 931 680 972 na
719 907 1031 1006 prospera
1064 905 1373 980 Romanis
1416 903 1565 968 fuit.
1648 903 2115 967 Mithrobarza·
2141 882 2313 938 ⁴³²⁸*

121 1007 239 1051 nes
255 987 353 1066 ,in
387 1009 556 1075 proe
581 992 648 1054 io
676 986 954 1054 ceciditz
994 983 1256 1051 barbari
1286 984 1587 1072 plerique
1615 981 1940 1070 fugientes
1972 1008 2116 1050 cae-

122 1071 217 1131 si:
263 1073 468 1155 pauci
501 1072 581 1134 ad
613 1091 837 1157 regem
870 1067 1210 1134 redierunt
1238 1066 1619 1132 incolumes.
1680 1070 1764 1142 Is,
1808 1064 1933 1130 hoc
1960 1089 2126 1131 nun-

31 1223 32 1230 *
120 1151 226 1214 cio
268 1153 572 1229 territus,
622 1165 837 1238 neque
875 1152 1089 1222 minus
1129 1169 1300 1213 nunc
1333 1151 1413 1212 ad
1444 1148 1747 1214 timorem
1780 1169 2124 1237 praeceps,

31 1235 32 1258 ³
120 1252 319 1316 quam
353 1235 586 1318 &paullo
628 1247 774 1298 ante
827 1235 1133 1320 superbia
1173 1230 1455 1296 tumidus
1494 1231 1744 1305 tuerat,
1808 1232 2125 1315 Tigrano·

31 1371 32 1374 ,
121 1329 307 1377 certa
340 1314 638 1380 Mancaei
678 1315 838 1379 fidei
878 1315 1242 1380 committit.
1302 1312 1442 1400 ipse
1490 1313 1572 1374 ad
1611 1314 1893 1374 Taurum
1938 1335 2125 1376 mon.

121 1405 258 1457 tem
300 1417 375 1460 se
416 1398 695 1472 confert,
743 1418 968 1462 omnes
1004 1397 1268 1483 imperii
1305 1397 1486 1462 vires
1524 1414 1607 1459 eo
1647 1407 2122 1472 contracturus,

31 1539 34 1540 a
121 1477 509 1543 Mithridate
549 1500 809 1568 quoque
845 1493 1175 1544 revocato.

245 1583 546 1653 xxxvt.
587 1582 896 1651 Lucullus
935 1584 1187 1650 interea
1220 1580 1486 1657 urbem,
1531 1578 1603 1645 in
1641 1601 1764 1669 qua
1804 1581 2114 1648 concubi·
2177 1592 2438 1669 Tigranes

127 1683 249 1726 nas
295 1667 472 1751 regis
513 1665 841 1731 adservari
888 1666 1257 1742 audiverat,
1303 1664 1673 1739 obsidebat,
1721 1667 1996 1729 Sextilio
2032 1667 2116 1730 ad
2134 1667 2442 1748 concubinas

126 1745 598 1829 Tigranocerta
634 1749 1022 1824 claudenda,
1067 1750 1213 1812 aliis
1258 1767 1518 1833 quoque
1553 1745 1826 1810 ducibus
1865 1748 2111 1812 circum
2135 1749 2500 1816 Μ’ΜΕΜ·

139 1824 490 1912 insigniora
525 1829 771 1895 castella
812 1831 1103 1895 dimissis.
1186 1834 1529 1894 Mancaeus
1558 1827 1898 1893 Sextilium
1929 1851 2110 1894 arce·
2133 1805 2463 1926 fxsszm'

137 1927 217 1970 re
261 1910 623 1978 instituerat.
695 1914 848 1989 sed,
904 1911 1199 1999 repulsus
1241 1912 1412 1975 intra
1447 1912 1738 1985 moenia,
1800 1911 2111 1975 suburba-
2371 1907 2387 1924 ⁶

128 2009 277 2052 nam
327 1995 575 2079 regiam
632 1992 869 2081 diripi,
938 2015 1139 2081 seque
1194 2005 1260 2058 et
1312 1991 1543 2062 urbem
1599 1993 2108 2069 circumvallari,

124 2071 359 2138 adduci
409 2076 770 2151 machinas,
817 2074 1019 2140 effodi
1068 2075 1404 2140 cuniculos
1449 2072 1620 2139 tulit.
1701 2078 1954 2139 Interea
1998 2097 2115 2139 sex

128 2158 417 2239 equitum
452 2158 687 2235 millia,
730 2156 893 2240 jumi
928 2157 1232 2243 Tigranis
1273 2157 1354 2219 ad
1395 2153 1786 2220 concubinas
1823 2157 2113 2242 eripien-

129 2235 236 2299 das
284 2237 618 2324 pro‘fecta,
679 2260 801 2326 per
840 2239 1085 2303 medias
1118 2241 1554 2303 Romanorum
1594 2238 1853 2323 copias,
1914 2259 2111 2322 quum

128 2317 340 2393 imbre
401 2321 773 2406 sagittarum
838 2321 1203 2386 clausiss'ent
1255 2320 1342 2384 iis
1399 2318 1638 2383 exitum
1662 2360 1680 2392 ,
1749 2318 2110 2398 eduxerunt

127 2402 474 2477 mulieres,
516 2405 1112 2488 praemiseruntque
1146 2421 1271 2488 per
1299 2413 1579 2465 noctem.
1642 2397 1794 2474 sed,
1839 2413 1978 2463 orta
2008 2402 2110 2462 lu-

125 2499 234 2556 ce,
303 2485 743 2571 Romanisque
788 2500 855 2549 et
888 2483 1208 2548 Thracum
1253 2480 1514 2547 auxiliis
1551 2479 1871 2545 acerrime
1910 2499 2110 2568 proe-

120 2563 473 2637 liantibus,
530 2587 628 2628 ma
675 2589 754 2630 na
798 2566 1143 2630 multitudo
1177 2564 1638 2637 Armeniorum
1681 2563 1859 2626 caesa
1894 2576 2108 2647 capta-

121 2667 249 2729 que
267 2687 289 2720 .
354 2649 600 2733 praemi
653 2670 759 2711 um
801 2661 1013 2711 tamen
1046 2666 1276 2733 agmen
1296 2694 1314 2722 ,
1376 2646 1524 2731 quia
1556 2643 1683 2726 jam
1713 2644 2107 2731 aliquantum

118 2728 266 2792 viae
305 2746 732 2816 praeceperat
750 2771 769 2807 ,
813 2731 882 2792 in
916 2730 1061 2793 loca
1094 2744 1230 2793 tuta
1260 2728 1586 2814 pervenit.

234 2834 568 2901 xxxvn.
610 2838 699 2900 At
737 2833 1081 2910 Lucullus,
1119 2855 1206 2898 ne
1246 2835 1521 2920 spatium
1561 2828 1708 2917 regi
1744 2851 1867 2917 per
1900 2828 2107 2895 otium

119 2917 707 2980 contrahendarum
742 2918 980 2982 virium
1018 2915 1441 2988 concederet,
1482 2917 1812 2977 Murenam
1848 2914 1925 2975 ad
1958 2935 2099 2976 car-

29 3031 32 3036 -
115 2997 414 3081 pendes,
459 2999 571 3084 qui
604 3000 684 3062 ad
719 2999 898 3062 illum
936 2996 1413 3070 accelerabant,
1453 2995 1651 3058 misit.
1723 2997 1868 3078 ipse
1903 3017 2100 3080 quum

116 3077 193 3141 ad
226 3080 701 3177 Tigranocerta
734 3083 1025 3155 veniss'et,
1071 3079 1408 3144 Sextilium
1443 3097 1790 3140 occurrere
1813 3077 2099 3138 Arabum

116 3162 444 3223 exercitui
488 3160 691 3241 iuffit,
758 3163 870 3247 qui
914 3161 1146 3244 conjun
1194 3181 1307 3225 ere
1351 3181 1422 3222 se
1462 3158 1730 3242 Tigrani
1769 3158 2091 3242 cupiebat.

115 3243 199 3305 Et
252 3242 495 3305 horum
548 3242 845 3328 plerique
906 3265 1110 3330 oppre
1165 3264 1188 3304 ι
1242 3256 1389 3305 sunt
1442 3264 1478 3302 a
1526 3240 1833 3313 Sextilio,
1899 3261 2096 3326 quum

114 3324 296 3387 forte
356 3322 551 3389 castra
608 3324 998 3410 ponentibus
1058 3323 1546 3410 superveniss'et.
1647 3323 1915 3383 Murena
1938 3364 1956 3396 ,
2025 3321 2095 3382 in

114 3420 293 3469 arcta
334 3406 604 3491 quadam
637 3420 703 3468 et
735 3406 1109 3492 confragosa
1136 3406 1303 3470 valle
1331 3405 1676 3488 Tigranem
1706 3418 1949 3477 nactus,
1993 3401 2093 3463 lo·-

114 3508 193 3550 co
230 3487 564 3550 audaciam
600 3487 824 3564 dante,
868 3488 1190 3552 conseruit
1224 3506 1486 3549 manus:
1527 3503 1738 3567 neque
1778 3501 2091 3567 spernen-

115 3570 194 3633 da
213 3570 500 3635 victoria
520 3570 786 3654 potitus,
818 3569 1297 3655 impedimentis
1325 3566 1622 3634 omnibus
1644 3585 1865 3648 regem
1889 3563 2085 3627 exuit.

234 3676 594 3742 xxxvm.
653 3673 787 3737 Sed
824 3675 1168 3749 Lucullus,
1225 3686 1296 3744 ut
1337 3674 1740 3755 ad‚pugnam
1781 3688 1928 3732 eum
1965 3667 2086 3730 eli·
2127 3644 2475 3703 &mamm

114 3772 300 3821 ceret
323 3800 340 3833 ,
387 3759 627 3820 acriter
655 3758 1115 3841 Tigranocerta
1146 3757 1482 3842 premebat
1500 3796 1517 3829 ,
1561 3772 1693 3815 non
1735 3751 1874 3815 sine
1905 3751 2084 3837 peri·
2105 3729 2437 3859 ξὲἕζέζπα»

161 3966 334 4049 pap.
365 3967 596 4024 xxxv.
641 3967 732 4041 Ap
778 3941 891 4022 ‘ang
936 3964 1088 4048 rint.
1162 3962 1240 4023 ca
1288 3961 1594 4047 ‚xxrvn
1615 3964 1925 4047 nemon.
1961 3958 2083 4045 Ap-

118 4053 280 4107 pian.
328 4035 628 4091 Memnon.
749 4054 842 4110 ap.
876 4033 1160 4096 xxxvll.
1210 4037 1253 4091 P
1278 4045 1363 4090 ut.
1413 4034 1695 4108 x1ph2hn.
1746 4034 1899 4090 Plut.
1951 4031 2080 4088 Cic·

120 4123 233 4180 pro
261 4109 420 4164 Mur.
462 4124 513 4163 c.
536 4125 591 4174 ι).
631 4104 785 4161 Plut.
1491 4173 1549 4248 c
1714 4147 1723 4152 -

1571 4198 1610 4246 0
1647 4199 1687 4246 2
