2717 4667
77 2809 117 2842 '=
192 2803 370 2875 gitur.
414 2803 425 2812 “

231 1525 304 1581 U.
340 1479 547 1585 0:685.

227 1600 300 1651 A.
337 1595 411 1662 C..
429 1597 521 1666 67.

266 1668 535 1719 Cretensis·

821 861 1405 966 JoHANNIS
1527 863 2310 1001 rRmNSHEMu

680 1091 1408 1183 SUPPLEMENToRUM
1463 1093 1946 1160 mvlmonmu
1996 1101 2222 1158 tumn
2260 1097 2465 1157 Lxlv.

880 1295 970 1362 IN
1014 1295 1321 1362 LOCUM
1367 1293 1603 1356 LIBRI
1645 1292 1877 1356 XCIX.
1927 1295 2006 1359 Τ.
2039 1294 2188 1363 LIV
2192 1295 2272 1355 11.
2387 1367 2396 1382 ‚

700 1544 750 1604 Ι.
805 1511 1075 1605 Interim
1105 1544 1176 1606 in
1210 1543 1407 1607 Creta
1438 1541 1525 1626 Q.
1549 1540 1859 1604 Metellus
1894 1538 2268 1624 proconsul,
2299 1537 2561 1626 prospe·
2659 1547 2660 1562 ³

576 1623 671 1688 ris
702 1621 902 1686 rebus
937 1626 1126 1700 usus,
1175 1628 1405 1689 multas
1444 1626 1513 1687 in
1546 1621 1924 1721 potestatem
1963 1623 2265 1686 civitates
2305 1622 2560 1706 redegit.
2657 1625 2662 1692 j

207 1736 440 1787 victoria
485 1739 547 1803 Q·
579 1706 899 1788 Cydonia,
948 1710 1182 1771 Cretae
1230 1703 1658 1792 metropolis,
1706 1708 1904 1789 (quae
1946 1695 2147 1766 hodie
2185 1706 2308 1767 sub
2338 1707 2563 1768 Caneae

214 1803 448 1858 Metelli.

279 2521 554 2578 Lucullus

575 1789 842 1850 nomine
873 1792 1234 1852 Turcarum
1271 1789 1656 1873 imperium,
1704 1802 1931 1871 erepta
1968 1788 2266 1860 Venetis,
2314 1786 2563 1872 patitur)
2663 1797 2664 1854 ζ

627 1868 729 1932 ost
756 1870 1172 1934 obsidionem
1208 1870 1604 1956 aliquamdiu
1639 1870 1979 1931 toleratam
2014 1893 2048 1932 a
2072 1873 2327 1932 Panare
2367 1868 2451 1933 est
2473 1868 2566 1930 de·
2659 1861 2664 1938 Ι

575 1894 747 2025 dita,
789 1952 1243 2037 impunitatem
1285 1954 1674 2048 veniamque
1714 1952 2104 2014 delictorum
2143 1967 2362 2096 pacto.
2432 1950 2564 2014 Inde
2665 1967 2666 2040 χ

576 2033 993 2097 transductus
1022 2037 1321 2112 Cnoss'um
1353 2049 1709 2107 exercituS‚
1756 2035 1868 2095 ubi
1899 2034 2142 2096 domici
2171 2036 2307 2095 ium
2332 2032 2563 2095 Lasthe-
2665 2043 2666 2094 ὲ

577 2137 699 2178 nes
736 2117 1034 2178 habebat.
1102 2117 1235 2179 Sed
1273 2116 1411 2191 ille,
1460 2116 1729 2179 sedibus
1769 2136 1915 2178 cum
1951 2117 2130 2177 omni
2169 2114 2564 2214 suppellecti-
2667 2137 2668 2184 3

579 2198 646 2261 le
701 2195 1171 2274 concrematis,
1237 2220 1319 2261 ex
1363 2197 1610 2282 oppido
1649 2196 1970 2282 profugit.
2048 2200 2165 2259 illo
2214 2198 2455 2262 deinde
2493 2196 2561 2259 si·
2667 2203 2668 2264 1

582 2280 832 2364 militer
875 2280 1136 2355 dedito,
1195 2284 1492 2363 Lyctus3x
1544 2292 1646 2352 et,
1705 2279 1825 2341 hac
1875 2295 2175 2365 recepta,
2234 2283 2564 2366 pleraeque

581 2363 745 2426 aliae
784 2363 1083 2426 civitates
1126 2377 1194 2426 et
1229 2361 1481 2426 castella
1522 2363 1592 2424 in
1630 2360 1830 2425 fidem
1871 2377 2213 2427 venerunt.

1025 2458 1034 2486 1

702 2514 781 2574 11.
846 2511 980 2573 Sed
1020 2512 1092 2574 in
1126 2512 1349 2576 Asiam
1387 2517 1800 2597 Pontumque
1838 2510 2005 2573 mim
2046 2533 2081 2572 a
2120 2525 2352 2574 senatu
2386 2529 2574 2596 popu·

194 2590 552 2662 mititumpte-
576 2592 776 2676 loque
820 2596 1116 2658 Romano
1170 2595 1397 2658 decem
1445 2597 1680 2680 legati,
1752 2593 1943 2678 (quia
2000 2593 2396 2656 debellatum
2447 2609 2574 2654 cum

194 2680 390 2733 rosque
429 2660 514 2712 de·-

194 2735 411 2787 mt‘nere
445 2746 527 2783 co·

575 2675 956 2737 Mithridate
989 2677 1302 2739 Lucullus
1341 2676 1735 2762 scripserat)
1769 2673 2100 2772 postquam
2139 2676 2206 2738 in
2246 2674 2441 2738 castra
2473 2694 2573 2737 ve-

575 2770 815 2818 nerunt
835 2797 853 2830 ,
905 2778 1016 2821 res
1046 2775 1447 2843 repererunt
1476 2759 1762 2821 turbatas
1782 2800 1798 2831 ‚
1844 2771 1910 2819 et
1938 2772 2405 2842 imperatorem
2432 2775 2572 2841 prae

452 2899 459 2904 .
574 2837 853 2904 militum
892 2838 1241 2903 insolentia
1280 2839 1365 2904 n'e
1409 2842 1511 2903 sui
1548 2841 1815 2925 quidem
1848 2852 2203 2922 potentem.
2275 2847 2434 2905 Nam
2465 2837 2570 2911 illi,

573 2915 906 3004 postquam
938 2920 1134 2986 aestas
1161 2964 1179 2997 ,
1220 2923 1290 2984 in
1322 2944 1513 3008 quam
1541 2921 1975 3007 promiserant
2007 2943 2045 2983 o
2098 2943 2265 2997 era8‚
2305 2920 2574 2994 transiit,

577 3002 853 3084 sumptis
898 3004 1130 3079 armis,
1195 3003 1567 3089 strictisque
1604 3003 1839 3087 gladiis
1878 3023 2036 3086 egre
2093 3027 2115 3064 1
2145 3015 2578 3101 provocarunt

573 3080 853 3146 hostem:
900 3100 987 3159 et,
1031 3084 1361 3171 postquam
1397 3086 1815 3170 comparebat
1848 3106 2064 3159 nemo,
2097 3086 2208 3147 dm
2239 3087 2416 3152 enim
2445 3098 2576 3147 ante

576 3164 691 3226 ille
729 3187 800 3226 se
832 3184 1180 3252 receperat
1206 3212 1219 3239 ‚
1262 3170 1597 3253 impletam
1628 3166 1834 3229 testati
1865 3166 2082 3240 fidem,
2132 3190 2322 3252 quam
2353 3167 2578 3230 Lucul-

573 3244 642 3306 lo
673 3246 1031 3322 dedinent,
1078 3266 1347 3335 praeter
1391 3251 1698 3333 exiguum
1738 3249 2022 3334 aliquem
2060 3272 2440 3324 numerum,
2486 3251 2577 3311 αι’-
2667 3309 2670 3312 Α

576 3324 699 3390 stra
735 3329 862 3393 reli
914 3346 1176 3395 uerunt.
1260 3332 1611 3403 Lucullus,
1660 3331 1837 3416 quod
1875 3332 2068 3394 aliter
2104 3353 2175 3396 se
2207 3331 2432 3396 facere
2460 3350 2579 3392 non

576 3411 759 3493 poss'e
788 3411 854 3473 vi
906 3413 1095 3486 ebat,
1139 3415 1523 3480 Valerianas
1555 3414 1864 3497 legiones
1891 3413 2174 3478 dimisit:
2221 3430 2579 3478 ceterorum

573 3493 856 3555 militum
911 3495 1090 3592 quod
1142 3511 1283 3559 erat
1332 3495 1808 3569 turbulentius»,
1886 3496 2230 3558 Glabrioni
2281 3494 2581 3559 tradiditz

575 3574 784 3647 alim,
835 3578 1072 3660 quibus
1115 3579 1281 3640 nihil
1324 3591 1464 3640 erat
1504 3577 1719 3652 domi,
1778 3577 1958 3660 quod
2002 3600 2088 3640 ne
2134 3578 2305 3641 lecto
2338 3576 2580 3677 plebis·

576 3655 1191 3755 cito-adimeretur,
1250 3660 1581 3745 aliquanto
1625 3661 1973 3746 aequiores
2015 3599 2139 3724 31ιί
2182 3663 2390 3747 signis
2434 3679 2585 3723 con-

581 3751 807 3803 tinuit.
2124 3792 2134 3808 .

640 3975 788 4056 qap.
813 3979 864 4032 I.
913 3977 1044 4034 Liv.
1079 3982 1238 4050 Epit.
1291 3981 1456 4036 Flor.
1487 3981 1544 4051 3,
1579 4000 1635 4050 7.
1688 3981 1946 4056 Appian.
2000 3981 2159 4056 apud
2193 3979 2387 4038 Ursini.
2453 3978 2576 4035 Liv.

572 4041 734 4115 EPW·
807 4047 954 4120 Cap.
983 4050 1061 4104 11.
1098 4050 1251 4107 Plut.
1284 4050 1513 4105 Lucull.
1552 4070 1602 4103 c.
1627 4053 1713 4116 73.
1752 4053 1887 4120 Dio,
1923 4052 1965 4109 l.
1987 4054 2076 4111 36.
2116 4051 2269 4108 Plut.
2321 4050 2442 4110 Cic.
2474 4066 2580 4123 pro

576 4110 731 4187 Lege
763 4114 973 4173 Manil.
1009 4136 1062 4173 c.
1102 4137 1157 4193 9.
1196 4118 1459 4195 Appian.
1501 4119 1770 4178 mithrid.
2274 4153 2282 4174 s
