2717 4667
739 34 746 61 l

497 222 587 284 m
626 180 945 282 socon
969 217 1139 280 mn·
1181 214 1377 286 cvn.
1404 206 1649 285 nvn.
1970 210 2098 295 ⁶37

115 446 333 511 neque
370 425 610 490 Caesar
649 427 878 491 deerat
919 407 1109 501 sihi,
1148 446 1280 511 quo
1332 425 1550 488 minus
1595 443 1791 510 opum
1836 445 2095 490 suarum
2153 421 2224 476 U.
2258 436 2308 509 ⁶,-
2328 432 2451 485 σοι).

115 508 454 575 securitati
489 511 927 594 prospiceret.
1848 544 1857 551 ,
2156 493 2231 546 A.
2255 491 2322 544 (Α
2351 493 2442 549 52.

232 642 460 703 XLIX.
519 639 652 736 Qui
693 661 906 726 nuper
948 649 1130 706 eran't
1158 639 1460 726 Pompeji
1497 638 1756 723 legibus
1791 637 2092 725 damnati,
2132 650 2471 725 'Gaesao-ab-

113 743 313 806 quum
345 725 639 785 exsulare
671 739 1087 808 cogerentur,
1136 725 1215 787 ad
1249 724 1592 795 Caesarem
1627 720 2091 805 confugerant3
2118 725 2469 794 sentisibipe-

110 807 459 891 ipsumque
497 805 635 889 peti
673 807 907 868 iisdem
947 807 1082 869 illis
1117 807 1392 871 cass'ibus
1428 803 1858 887 inculcabant*
1934 802 2092 864 Cae·
2119 794 2468 846 “summm
2574 810 2589 843 s

110 908 258 960 sar,
315 888 414 949 uti
451 888 741 963 solebat,
793 889 1057 950 illorum
1093 891 1424 952 voluntate
1460 884 1712 968 magnis
1738 904 1859 947 con
1908 883 2094 946 iariis
2121 874 2235 916 “⁸⁸
2265 862 2426 914 um*

109 982 465 1044 auctorata,
510 968 593 1031 de
620 968 937 1053 Pompeio
974 970 1237 1056 quidem
1274 965 1642 1033 honorifice
1675 968 1872 1050 loque
1919 979 2094 1028 aturz

112 1063 410 1112 ceterum
458 1071 581 1136 per
631 1052 873 1114 amicos
928 1072 1074 1115 cum
1118 1051 1403 1117 tribunis
1446 1049 1664 1134 plebis
1704 1049 1974 1132 agebat,
2034 1069 2101 1109 ut

111 1132 323 1213 abstuti
345 1131 456 1213 Jibi
490 1151 678 1214 petere
715 1134 1052 1215 consulatum
1089 1135 1299 1196 liceret.
1390 1136 1464 1194 In
1499 1153 1575 1193 ea
1602 1142 1737 1192 tota
1768 1130 1972 1192 causs'a
1999 1144 2095 1193 ta-

110 1212 246 1274 lem
296 1234 367 1275 se
404 1214 758 1299 Pompejus
801 1216 1111 1299 gerebat,
1168 1230 1240 1279 ut
1285 1215 1591 1277 simulare
1629 1213 1835 1296 magis
1873 1210 2097 1274 amici..

5 1290 6 1299 ’
111 1296 269 1356 tiam
307 1315 451 1357 cum
486 1297 803 1371 Caesare,
851 1319 1040 1382 quam
1088 1292 1451 1383 praestare,
1492 1294 1851 1358 videretur.
1931 1299 2097 1358 Nam

113 1376 184 1436 in
219 1391 445 1440 senatu
471 1419 491 1451 ,
535 1399 732 1462 quum
771 1383 859 1442 Μ.
897 1380 1078 1454 Cato,
1118 1392 1479 1464 perpetuus
1509 1379 1569 1439 le
1620 1397 1726 1438 um
1757 1376 2098 1452 defensor,

108 1459 347 1521 venire
380 1455 725 1527 Caesarem
755 1460 836 1522 ad
866 1462 1125 1524 comitia
1149 1463 1442 1545 juberet,
1487 1479 1560 1522 re
1587 1459 1719 1520 titit
1751 1457 2097 1543 aliquando

113 1541 507 1624 Pompeius,
551 1543 777 1606 amicis
826 1564 909 1605 ue
939 1545 1255 1614 caesaria,
1302 1541 1537 1604 eximia
1568 1538 1699 1602 viri
1729 1540 1961 1601 merita
1988 1561 2095 1602 re·-

118 1624 286 1705 spici
324 1624 698 1699 orantibuS,
742 1648 776 1687 a
827 1626 1052 1688 sensit.
1140 1625 1305 1699 Sed,
1352 1623 1570 1684 acrius
1605 1619 1873 1683 instante
1905 1623 2096 1684 Cato·

63 1706 73 1710 ”
115 1724 232 1777 ne,
281 1716 598 1788 tamquam
639 1708 1036 1790 argumentis
1080 1709 1325 1781 victus,
1374 1705 1708 1767 conticuit.
1796 1703 2099 1771 Obtinuit

116 1799 332 1847 tamen
369 1788 645 1859 Caesar,
682 1788 865 1872 quod
900 1789 1215 1873 petierat,
1261 1789 1437 1849 inter
1476 1801 1735 1849 ceteros
1773 1786 2097 1847 Cicerone

119 1866 458 1947 adjuvante
478 1910 495 1942 ,
542 1869 656 1952 qui
689 1873 777 1930 M.
807 1870 1100 1932 Coelium
1135 1872 1206 1933 ei'
1233 1868 1577 1952 adjunxit,
1600 1867 1925 1929 tribunum
1954 1867 2099 1950 ple-

118 1948 255 2022 bis,
312 1951 504 2015 etiam
548 1972 586 2010 a
621 1951 934 2034 Pompejo
980 1967 1269 2037 rogatus.
1356 1951 1564 2035 Igitur
1622 1969 1700 2011 ea
1754 1949 1837 2011 de
1889 1968 1964 2010 re
2021 1947 2105 2009 ad

117 2031 427 2115 populum
457 2053 492 2093 a
516 2032 743 2094 decem
770 2034 1054 2097 tribunis
1082 2035 1297 2121 plebis
1324 2030 1747 2096 concorditer
1769 2031 1969 2094 latum
1991 2027 2101 2094 est.
2488 2048 2505 2091 ι

119 2220 126 2225 .
240 2138 313 2202 L.
425 2156 573 2198 uum
597 2138 688 2201 ita
715 2141 1069 2205 crebritate
1107 2142 1498 2225 judiciorum
1532 2138 1606 2202 *et
1632 2128 1823 2202 novis
1842 2138 2102 2220 legibus

116 2219 335 2291 Omnia
416 2235 764 2304 reperent,
808 2221 890 2316 Q.
916 2224 1139 2307 Scipio
1174 2222 1404 2287 consul
1436 2219 1799 2284 censoriam
1826 2217 2100 2304 potesta·
2161 2217 2416 2273 Cameria

117 2311 274 2374 tem,
316 2302 622 2386 abragam
644 2301 871 2366 Clodia
900 2304 1074 2400 lege,
1118 2303 1427 2379 restituit3
1470 2301 1641 2364 haud
1671 2312 1897 2384 magna
1927 2300 2101 2361 utili·
2117 2288 2353 2424 53:55⁸
2372 2302 2453 2340 '²-

2117 931 2375 1001 postulat.
2474 945 2478 949 ·

117 2393 252 2444 tate
282 2382 584 2446 civitatis.
633 2385 802 2467 Quia
833 2406 1006 2448 emm
1033 2386 1349 2483 proximis
1382 2386 1590 2456 annis,
1636 2382 1881 2445 sublata
1902 2383 2105 2443 anim-

119 2463 514 2528 adversione
537 2468 859 2541 censoria,
881 2469 1070 2530 multi
1099 2482 1166 2530 et
1193 2469 1260 2529 in
1288 2466 1616 2529 senatorio
1644 2465 1798 2527 etin
1823 2461 2105 2547 equestri

118 2545 355 2608 ordine
376 2548 687 2609 maculosi
706 2549 1004 2611 homines
1023 2563 1408 2619 manserant,
1433 2567 1597 2631 quos
1621 2546 1809 2605 simul
1833 2545 2108 2628 aggredi

116 2626 599 2711 periculosum,
663 2632 1040 2714 relinquere
1079 2646 1272 2715 turpe
1305 2644 1445 2692 erat
1480 2629 1801 2703 futurum3
1863 2641 2103 2710 quanto

118 2710 401 2794 quisque
425 2711 812 2793 prudentior
838 2713 943 2775 vir
973 2728 1132 2787 erat,
1166 2728 1343 2793 tanto
1369 2711 1570 2795 magis
1591 2718 1630 2769 a¹
1648 2709 1966 2793 petitione
1986 2707 2131 2775 ho·‚
2194 2774 2199 2783 ,

115 2791 305 2852 noris
335 2791 474 2872 ejus
500 2793 912 2857 abhorrebat.
976 2796 1110 2857 Sed
1147 2808 1211 2857 et
1240 2808 1466 2855 auctor
1494 2789 1926 2861 restituendae
1951 2809 2105 2850 cen·

119 2892 313 2933 surae
358 2874 516 2936 talis*
541 2889 718 2950 erat,
777 2890 845 2939 ut
881 2878 992 2940 vix
1031 2874 1335 2939 exsistere
1420 2876 1579 2937 osset
1616 2874 1782 2934 'alius
1817 2886 1968 2934 nota
2005 2871 2106 2931 di-

117 2955 338 3036 gnior.
424 2955 558 3018 Sub
591 2957 767 3019 idem
811 2958 984 3020 enim
1016 2974 1272 3043 tempus
1310 2981 1343 3018 a
1428 2957 1792 3018 Gemellum
1826 2954 2108 3016 tribuni-

115 3036 286 3098 tium
330 3035 646 3119 viatorem
698 3042 767 3101 in
820 3041 1191 3104 convivium
1237 3040 1455 3113 venit,
1516 3060 1551 3099 a
1587 3059 1717 3122 quo
1760 3050 1826 3098 et
1860 3035 2106 3097 tribuni

120 3117 389 3201 quidam
436 3108 637 3199 (baud
674 3121 873 3186 dubie
912 3122 1046 3196 illi,
1105 3120 1271 3206 quos
1309 3121 1604 3206 Scipioni
1646 3118 1871 3182 faviss'e
1911 3137 2108 3202 supra
2148 3118 2153 3125 ’

116 3198 546 3280 ostendimus)
591 3204 847 3267 invitati
887 3205 1165 3270 fuerant.
1246 3207 1318 3266 In
1367 3224 1449 3265 eo
1495 3202 1801 3265 convivio
1843 3199 2109 3262 Gemel-
2205 3218 2209 3223 ·

115 3283 227 3343 lus
260 3281 660 3365 Scipioni-et
694 3284 977 3348 tribunis
1007 3285 1164 3347 duas
1200 3284 1478 3347 illustres
1518 3298 1840 3346 matronas
1861 3324 1878 3355 ,
1927 3303 1962 3341 a
1994 3301 2109 3363 pa·
2168 3289 2183 3301 ‘

118 3364 336 3426 tribus
372 3377 437 3426 et
470 3360 631 3426 viris
666 3366 995 3441 abductas,
1038 3367 1327 3464 itemque
1363 3366 1650 3428 nobilem
1684 3384 1958 3448 puerum
1989 3365 2107 3424 Cn.

27 3466 66 3505 t
119 3446 588 3523 Saturninum,
646 3447 900 3512 nefarie
939 3447 1284 3535 prostituit.
1958 3474 1965 3483 ²

251 3554 354 3613 LI.
412 3555 666 3616 Interea
709 3556 987 3630 Caesar,
1046 3577 1242 3639 quum
1284 3566 1349 3616 et
1385 3567 1597 3615 motus
1629 3550 1913 3614 urbanos
1951 3542 2107 3611 satis

121 3654 210 3696 ex
242 3635 565 3696 sententia
598 3659 710 3699 sua
742 3638 1145 3721 compositos
1176 3635 1540 3718 accepiss'et‚
1580 3648 1645 3696 et
1671 3633 1926 3721 crebris
1956 3652 2107 3692 suo·
2169 3635 2457 3719 Gallorum

118 3736 273 3778 rum
311 3716 568 3777 nunciis
607 3719 1036 3794 excitaretur,
1093 3719 1161 3779 in
1190 3717 1681 3802 Transalpinam
1717 3715 1989 3777 Galliam
2029 3731 2110 3775 ex
2133 3705 2375 3786 mmm:

196 3907 280 3964 Ca
329 3947 345 3963 .
378 3910 580 3965 xmx.
626 3902 888 3978 Appian.
936 3905 1185 3962 Sueton.
1226 3903 1393 3958 Caes.
1426 3920 1491 3963 με.
1524 3916 1614 3972 2¹7.
1663 3897 1752 3971 Ap
1800 3899 1915 3956 ian.
1952 3899 2112 3954 Plut.

121 3975 252 4033 Liv.
283 3926 449 4050 ἱρὴ.
489 3970 733 4033 Sueten.
769 3975 941 4030 Caes.
976 3992 1028 4031 c.
1059 3974 1146 4030 28.
1189 3972 1447 4044 Appian.
1489 3970 1613 4027 Cic.
1648 3968 1724 4023 ad
1751 3917 1869 4024 Xtt.
1898 3987 1955 4037 7,
1994 3990 2036 4022 ι.
2059 3970 2118 4024 3.

121 4047 278 4118 Cap.
345 4084 372 4119 ρ.
420 4046 560 4110 Dio.
611 4044 749 4106 Val.
788 4044 942 4100 Max.
975 4061 1046 4116 9,
1083 4060 1134 4100 ι.
1208 4042 1357 4116 Cap.
1390 4041 1490 4100 LI.
1540 4040 1709 4097 Caes.
1745 4037 1817 4094 de
1849 4038 1920 4094 Β.
1956 4036 2111 4094 Gall.

127 4116 263 4185 1.7.
359 4184 364 4189 f
417 4164 446 4187 .-
