2717 4667
23 2702 26 2717 '
118 2704 253 2763 neri
306 2704 398 2766 de

408 285 448 326 -.
519 252 613 316 m
657 249 956 322 Locum
989 252 1150 319 Lm.
1187 222 1772 364 Lxxxu.‘1.1v11.²
2013 229 2164 334 '145

149 459 317 521 rimis
370 457 690 542 gentibus
740 457 1017 526 victoria
1068 457 1217 542 plus
1272 457 1619 524 duodecim
1650 462 1964 525 Romanis
2012 463 2158 526 abs-

25 539 28 568 '
148 542 311 612 tulit,
364 542 424 601 si
472 540 743 624 quidem
784 542 1269 603 commentariis
1311 541 1529 604 Sullae
1570 542 1922 606 credimus.
2002 567 2160 631 qua-

150 624 511 686 tuordecim
549 623 962 685 desideratos
997 621 1184 685 suiss'e
1222 623 1495 703 scribit3
1543 626 1661 687 sed
1699 647 1778 688 ex
1817 647 1896 688 eo
1929 647 2159 708 nume-

154 723 229 766 ro
265 705 419 768 duos
466 706 593 766 sub
616 706 968 789 ‘vesperam
1004 705 1371 767 revertisse.
1567 713 1598 724 “’
1695 733 1702 738 -
2007 719 2012 728 '

267 814 493 877 XVIII.
560 813 667 875 Ob
714 809 905 892 hujus
950 811 1270 874 victoriae
1318 811 1632 875 laetitiam
1673 809 1864 878 ludos
1906 812 2157 879 Thebis

149 894 305 976 apud
337 893 810 979 Oedipodeum
850 891 1099 956 fontem
1140 895 1365 957 edenti
1404 894 1573 956 mim
1612 917 1647 956 a
1680 895 2003 972 Curione,
2053 920 2159 962 ca·

139 990 303 1059 ptam
348 978 773 1054 Athenarum
837 995 1092 1052 arcem,
1168 991 1636 1061 tyrannumque
1698 976 1766 1036 in
1819 981 2159 1048 Minervae

144 1059 453 1143 templum
498 1059 901 1143 confngissh,
948 1058 1293 1122 nunciant:
1350 1119 1355 1124 ,
1402 1081 1551 1120 uum
1600 1059 1832 1122 eodem
1863 1062 2032 1137 .die,
2071 1079 2160 1134 ,ut

134 1139 345 1225 postea
394 1156 808 1225 compertum
852 1137 973 1213 est,
1028 1140 1307 1204 victoria
1399 1141 1568 1203 ullae
1607 1140 1883 1204 Athenis
1923 1137 2155 1214 Curio'-

132 1224 198 1283 ni
234 1224 709 1285 nunciaretur..
774 1221 1278 1307 Multiplicatum
1318 1223 1559 1302 deinde
1599 1243 1716 1308 spe
1749 1223 2017 1289 alterius
2057 1225 2156 1289 vi-

137 1307 377 1367 ctoriae
424 1305 738 1390 gaudium
783 1303 908 1383 est3
974 1304 1157 1382 cujus
1199 1319 1376 1368 certa
1420 1326 1492 1368 se
1526 1303 1832 1402 promiffa
1870 1306 1949 1370 ab
1986 1311 2157 1372 Tro-

174 1387 374 1449 honio
416 1389 727 1460 adferre,
792 1388 875 1473 Q.
919 1387 1173 1455 Titius.
1234 1388 1562 1472 negotiari
1613 1390 1680 1447 in
1724 1388 1999 1451 Graecia
2049 1411 2158 1452 so-

137 1410 317 1543 Ειιιε,
366 1469 779 1533 adfirmabat.
868 1472 1076 1533 Etiam
1124 1470 1470 1533 Salvienus
1515 1470 1921 1554 legionarius
1963 1473 2156 1536 miles

142 1550 427 1616 adstitiss'e
490 1553 621 1613 sibi
670 1552 961 1637 speciem
998 1552 1189 1614 Jovis
1233 1572 1307 1613 ea
1350 1549 1713 1632 majestate,
1824 1576 1902 1615 ua
1934 1554 2159 1636 Olym-

144 1635 267 1718 piae
326 1634 704 1708 viseretur,
776 1634 1098 1698 adseruit:
1173 1631 1370 1697 finem
1434 1633 1729 1696 civilium
1838 1636 2154 1712 enorum,

144 1718 335 1801 qualis
379 1738 538 1778 mox
581 1716 1021 1800 consequutus
1068 1712 1195 1790 est,
1253 1718 1769 1800 praedicentem.

244 1801 414 1860 XIX.
481 1802 729 1862 Laetus
782 1800 888 1862 his
942 1799 1338 1895 imperator,
1401 1814 1472 1862 ut
1509 1799 1876 1883 praesentia
1920 1799 2154 1865 consti-

136 1892 377 1955 tueret,
443 1881 782 1962 judicibus
825 1903 906 1944 ex
940 1882 1088 1943 aliis
1126 1882 1450 1944 Graeciae
1496 1881 1870 1944 civitatibus
1910 1883 2154 1947 excita-

139 1959 255 2033 tis,
310 1965 805 2040 Elatiensibus‚
917 1962 1048 2026 uod
1093 1965 1307 2026 Taxili
1356 1962 1753 2026 Mithridatis
1804 1966 2149 2048 praesecto

181 2059 341 2107 ortas
390 2047 799 2121 clauserant,
845 2048 895 2109 li
944 2059 1253 2120 ertatem,
1299 2068 1490 2130 quam
1527 2047 1955 2110 Macedonico
1990 2049 2147 2112 Phi·

163 2125 218 2209 ‘p
264 2130 285 2189 i
315 2129 501 2191 bello
536 2130 908 2203 amiserant,
948 2127 1260 2193 reddidit.
1310 2129 1658 2191 Thebanos
1691 2128 1972 2192 dimidio
2007 2132 2151 2215 agri

122 2227 223 2268 mu
252 2212 457 2274 ctavit
479 2254 518 2292 ,Ι
548 2225 653 2285 et,
701 2210 874 2297 quod
910 2210 1064 2273 inde
1102 2212 1503 2294 proveniss'et
1538 2210 1606 2272 in
1686 2208 1985 2287 osterum,
2074 2233 2172 2277 ro·

123 2287 450 2367 donariis,
521 2314 691 2378 quae
725 2294 1064 2379 Olympiae
1104 2304 1172 2356 et
1209 2292 1487 2377 Delphis
1532 2308 1598 2355 et
1692 2291 1956 2376 pidauri
2004 2317 2037 2356 a
2089 2317 2153 2358 s-

2228 460 2295 519 U.
2322 454 2380 518 τ’.
2410 461 2541 534 666.

2219 530 2293 587 Δ.
2330 527 2398 606 C.
2433 531 2530 590 86.

2217 1816 2381 1875 Sulla
2400 1819 2542 1876 ΕΙ..

2177 1888 2372 1940 ἐίσκεις
2411 1906 2495 1942 re·

2179 1971 2432 2010 mannas
2444 1978 2465 2023 ,-

2186 2022 2459 2082 Thebanos·
2511 2091 2516 2095 ,

2176 2095 2362 2167 punit.

118 2373 391 2448 tulerat,
464 2377 626 2439 Jovi
686 2391 752 2439 et
802 2376 1096 2460 Apollini
1157 2389 1225 2437 et
1261 2376 1660 2459 Aesculapio
1719 2376 2180 2442 consecravit.-

23 2504 26 2545 ἦν
118 2454 477 2519 Armorum
537 2457 780 2521 deinde
837 2456 1162 2522 hostilium
1223 2478 1531 2534 acervum
1581 2455 1838 2521 Gabino
1896 2458 2152 2534 cinctu,

23 2548 26 2561 “
118 2539 326 2618 patrio
377 2560 610 2617 more,
662 2541 809 2604 Diis
850 2539 1007 2603 belli
1054 2537 1476 2624 praesidibus
1515 2539 1868 2602 cremavit:
1926 2562 2156 2602 monu-

121 2635 406 2682 mentum
509 2643 547 2684 e
604 2622 822 2685 felicis
874 2621 1118 2708 proelii
1166 2623 1365 2686 Marti
1401 2622 1873 2706 victoriaeque
1919 2636 1986 2685 et
2019 2624 2154 2689 Vc-

402 2643 755 2771 gilzandum
807 2704 1083 2768 curavit.

229 2787 385 2846 XX.
434 2786 657 2866 Quum
703 2788 877 2851 inter
920 2787 1083 2848 haec
1128 2806 1210 2848 ex
1256 2786 1589 2849 continuis
1630 2784 1970 2848 laboribus
2009 2806 2153 2850 mo-

122 2860 245 2927 dica
283 2869 525 2952 quiete
569 2870 725 2931 satis
760 2870 1050 2934 refectos
1085 2888 1232 2932 cum
1267 2869 1662 2954 corporibus
1696 2868 1978 2932 militum
2007 2868 2148 2930 ani-

120 2965 244 3011 mos
292 2964 613 3035 putaret,
673 2951 1045 3016 Chalcidem
1099 2970 1246 3012 cum
1297 2952 1595 3014 exercitu
1687 2949 1982 3020 rofectus
2026 2949 2138 3014 est.

117 3029 274 3106 Sed,
325 3034 492 3117 quia
528 3034 803 3098 navibus
842 3034 1090 3112 carenti
1125 3033 1321 3095 facile
1363 3034 1630 3117 praeclu
1677 3034 1702 3094 i
1742 3031 1958 3096 aditus
1993 3048 2141 3116 pot·

116 3128 281 3193 erat,
347 3115 756 3199 praesidiis,
820 3116 934 3179 ubi
980 3115 1401 3200 profuturum
1441 3114 1802 3195 judicabat,
1849 3114 2137 3200 disposi-

116 3196 226 3272 tis,
301 3197 610 3259 Athenas
652 3199 985 3282 perrexit,
1050 3210 1122 3259 ut
1161 3217 1409 3279 poenas
1454 3195 1536 3280 de
1583 3197 1978 3264 nocentibus
2024 3220 2135 3260 su·

2194 3199 2446 3257 Athenas·

120 3296 339 3343 meret.
434 3279 736 3341 Foedum
773 3280 1039 3343 omnino
1119 3275 1585 3363 estiferumque
1616 3293 1956 3361 tyrannum
1977 3277 2130 3341 Ari·
2155 3269 2470 3342 P'T0fi‘1‘508‘·

118 3354 257 3423 stion
314 3376 599 3445 egerat,
666 3377 735 3424 et
774 3362 857 3433 ,ad
903 3364 1008 3424 lue
1106 3381 1212 3424 um
1262 3363 1659 3447 supplicium
1703 3360 2016 3425 divinitus
2065 3361 2137 3423 in

2161 3347 2285 3393 ur·

112 3443 495 3523 potestatem
562 3447 1003 3506 Romanorum
1077 3444 1355 3507 traditus
1434 3442 1801 3507 videbatur.
1915 3441 2139 3523 Quum
2202 3473 2207 3478 ·

112 3526 275 3587 enim
310 3526 559 3588 ohseffi
598 3529 999 3588 munimento
1039 3525 1175 3587 loci
1212 3545 1285 3587 se
1323 3524 1438 3586 diu
1473 3521 1945 3596 defendiss'ent‚
1991 3538 2132 3588 tau·-

23 3638 24 3641 ¹
112 3604 393 3694 demque
461 3610 742 3706 penuria
801 3628 1004 3692 aquae
1058 3605 1467 3670 deditionem
1519 3609 1734 3670 coacti
1786 3606 1991 3668 effent
2034 3606 2131 3672 fa.-

112 3706 295 3763 cere,
349 3711 430 3751 ea
468 3691 607 3775 ipsa
643 3688 753 3753 die
789 3689 1119 3773 horaque,
1167 3710 1366 3773 quum
1412 3710 1528 3750 arx
1569 3689 1842 3753 Curioni
1875 3684 1965 3750 est
1995 3702 2129 3751 tra-

111 3768 264 3846 dita,
318 3793 569 3835 sereno
608 3774 795 3836 coelo
840 3786 1116 3857 repente
1160 3771 1370 3833 nubes
1413 3773 1933 3856 conglomeratae.
1972 3767 2125 3848 effe,

113 3854 581 3941 copiosumque
622 3855 899 3917 imbrem
941 3853 1282 3926 cecidiss'e,
1331 3854 1690 3917 memoriae
1737 3853 2065 3941 proditur.

171 4011 321 4085 Cap.
357 4011 766 4068 XVILOros.
800 4010 957 4068 Plut.
1033 4012 1183 4086 Gap.
1217 4012 1432 4069 XVIII.
1482 3978 1735 4067 Pausan.
1779 4009 1824 4065 l.
1864 4028 1913 4066 1.
1963 4008 2118 4067 Plus
2160 4015 2166 4020 ”

116 4076 249 4152 Cap.
282 4082 441 4138 xlx.
483 4082 731 4136 Pausan.
771 4078 811 4136 l.
854 4099 937 4137 ιο.
984 4080 1121 4136 Plut
1193 4081 1445 4138 Pausan.
1484 4080 1529 4136 l.
1553 4100 1615 4154 9.
1665 4079 1926 4154 Appisn.
1963 4077 2120 4136 Plut.

116 4147 255 4222 Cap.
286 4152 417 4208 XX.
452 4150 714 4223 Appian.
750 4152 998 4205 Pausan.
1036 4150 1079 4204 l.
1119 4173 1169 4212 1.
1207 4152 1367 4211 Plut.
2053 4175 2058 4180 ·

214 4234 555 4313 supplem..
568 4238 701 4298 Liv.
718 4237 899 4299 wrom.
919 4236 1101 4299 xm.
1618 4220 1687 4296 Κ
