2717 4667
35 2999 36 3002 ’
143 3004 389 3092 torium
427 3001 599 3085 apud
633 2997 937 3068 credulos
975 3000 1342 3073 onerando,
1395 3015 1635 3063 sortem
1674 3022 1850 3063 suam
1878 3014 2135 3064 cetero-
2187 3011 2197 3020 ’

578 185 668 298 m
709 230 1010 298 Locum
1046 231 1210 294 mn.
1251 225 1480 297 xmv.
1523 223 1752 296 mvn.
2038 224 2157 292 33ι

177 441 264 516 si,
324 463 521 525 quum
559 430 802 504 hostem
844 439 1113 503 evasiss'e
1153 438 1505 523 putass'ent,
1568 436 1777 520 ipsius
1824 438 1992 512 soli,
2054 440 2160 503 cui

176 546 241 585 se
287 523 743 596 crediderant,
804 523 949 608 plus
999 531 1144 582 uam
1193 517 1787 584 hostilestinsidias
1842 536 1991 584 sunt
2048 543 2159 585 ex-

170 609 377 690 perti,
420 606 852 689 feceruntque
886 626 971 666 vu
999 617 1182 686 gatae
1215 601 1470 666 fabulae
1505 600 1723 675 fidem,
1770 603 2032 665 Arimos
2063 605 2161 672 ibi

174 703 234 749 et
277 688 607 750 fulminati
656 709 690 749 a
737 690 903 750 Jove
957 686 1023 769 gi
1071 685 1238 746 antis
1292 684 1508 746 cubile
1559 684 1853 767 ponenti.
1939 687 2160 751 Delati

170 785 344 834 certe
382 772 452 834 in
487 772 666 842 loca,
732 789 926 832 caeco
968 790 997 830 s
1093 782 1193 828 ter
1234 781 1477 830 terram
1513 765 1820 838 incendio
1851 765 2153 845 infamia,

172 853 331 917 saxis
372 874 633 937 quoque
670 865 732 914 et
765 849 962 916 humb
995 848 1178 934 quasi
1213 849 1491 932 iuligine
1526 847 1797 930 quadam
1832 851 2157 920 occultum

169 934 380 1017 ignem
422 933 897 1019 prodentibus,
948 952 1175 1014 magna
1219 951 1364 992 cum
1406 930 1847 994 sollicitudine
1883 933 2153 1002 oberra-

167 1032 346 1094 runt3
392 1016 640 1089 donec,
683 1015 940 1078 tandem
977 1014 1084 1076 via
1120 1027 1418 1097 reperta,
1465 1014 1534 1077 in
1575 1011 1770 1075 castra
1813 1014 1996 1097 regia
2042 1035 2151 1077 re-

164 1100 339 1161 versi
384 1113 554 1162 sunt.
657 1098 908 1160 Eodem
946 1110 1243 1181 tempore
1284 1095 1658 1182 praefectus
1696 1097 1877 1180 regis
1915 1100 2153 1160 Euma-

166 1180 316 1243 chus
341 1224 360 1257 ,
416 1178 560 1266 post
595 1181 900 1265 egregios
940 1179 1263 1241 succell'us
1289 1222 1306 1251 ,
1351 1193 1768 1262 necatamque
1807 1200 1951 1241 cum
1989 1199 2151 1241 uxo-

164 1263 349 1343 ribus,
393 1277 461 1327 et
504 1263 735 1327 liberis
774 1261 1020 1325 civium
1054 1264 1493 1323 Romanorum
1529 1281 1820 1356 magnam
1857 1262 2149 1327 multitu-

165 1344 414 1418 dinem,
479 1345 727 1409 Pisidia
779 1343 1142 1428 Isaurisque
1196 1343 1523 1419 subactis,
1590 1343 1817 1406 C1licia
1865 1357 2145 1417 tentata,

167 1448 352 1508 quum
402 1428 472 1488 in
509 1427 789 1510 Phrygia
833 1427 1082 1492 bellum
1132 1425 1428 1490 moviffet
1443 1446 1464 1503 3
1536 1424 1883 1505 Deiotarus
1927 1427 2150 1488 Gallo-

164 1505 854 1656 graegiiaepetrarcha,
897 1521 1235 1596 vagantem
1267 1507 1701 1597 adaequatus,
1761 1528 1986 1597 magna
2020 1508 2152 1572 cla·

205 1612 237 1654 θ
275 1615 309 1654 ὃ
391 1606 547 1659 eelto
677 1631 683 1636 “

2216 448 2292 580 H:
2310 445 2508 591 {53⁷2

282 1718 455 1778 XXI.
514 1717 661 1780 Hoc
706 1716 899 1778 etiam
945 1735 1111 1777 anno
1158 1716 1274 1777 Cn.
1318 1715 1671 1802 Pompeius
1723 1715 1792 1778 in
1826 1716 2143 1800 Hispania
2205 1722 2487 1779 Sertorius

169 1798 472 1883 prospere
511 1799 779 1864 bellavit
817 1819 960 1860 cum
992 1797 1073 1881 Q.
1108 1798 1447 1860 Sertorio:
1510 1798 1656 1881 qui,
1700 1797 1822 1879 jam
1863 1799 2040 1861 curis
2078 1814 2147 1866 et
2166 1794 2416 1852 &clinat-

117 1889 132 1894 “
172 1882 492 1947 laboribus
526 1882 763 1954 fess'us,
823 1894 890 1945 et
934 1882 1083 1970 quia
1128 1900 1198 1942 se
1234 1880 1372 1964 peti
1412 1880 1675 1946 videbat
1719 1901 1944 1943 eorum
1980 1881 2146 1943 insi-

172 1965 319 2038 diis,
367 1966 520 2048 qui,
567 1984 639 2027 se
672 1976 925 2027 remoto
946 2005 964 2036 ,
1011 1963 1174 2028 salvi
1207 1963 1337 2028 elI'e
1370 1982 1502 2026 non
1533 1976 1867 2046 poterant,
1914 1961 1993 2025 ad
2027 1964 2146 2027 ob·

166 2046 591 2120 eundadueis
625 2046 842 2110 munia
873 2045 1174 2135 segnior,
1221 2045 1290 2112 in
1326 2044 1546 2108 luxum
1581 2058 1649 2108 et
1680 2045 1993 2110 libidines
2031 2047 2147 2110 de-

149 2129 456 2194 clinabat.
541 2128 749 2202 Unde,
793 2149 989 2223 quum
1018 2126 1430 2212 frequentius
1465 2128 1941 2202 succumberet,
2028 2151 2146 2191 uo·
2200 2203 2203 2212 ¹

158 2212 315 2276 tidie
370 2209 452 2274 ad
508 2213 671 2286 iram
716 2231 1030 2298 promor,
1099 2209 1320 2274 multis
1379 2209 1463 2274 ob
1516 2209 1951 2293 suspicionem
2051 2212 2144 2273 oli

160 2295 517 2358 crudeliter
553 2292 959 2361 interfectis,
1026 2305 1284 2357 ceteros
1324 2289 1406 2351 ad
1444 2291 1880 2356 maturandam
1919 2292 2144 2378 eonju-

155 2377 477 2444 rationem
512 2374 875 2442 acrioribus
920 2372 1187 2439 stimulis
1227 2373 1544 2440 incitavit.

269 2511 474 2574 XXII.
521 2510 725 2574 Erant
754 2508 851 2573 illi
885 2506 1009 2586 jam
1046 2520 1231 2570 antea
1249 2501 1270 2580 ,'
1313 2505 1507 2571 simul
1546 2527 1629 2569 ex
1664 2506 1919 2591 ingenti
1959 2520 2138 2574 metu
2193 2516 2332 2570 Eunu
2353 2515 2501 2570 etam
2554 2571 2558 2575 .

145 2613 267 2677 per
301 2591 612 2656 virtutem
644 2593 833 2674 atque
861 2589 1241 2656 felicitatem
1264 2589 1548 2655 Sertorii
1577 2590 1826 2654 animos
1848 2590 1928 2654 ad
1955 2607 2136 2677 apem
2159 2584 2391 2669 odias-um
2402 2585 2511 2636 suis

151 2673 635 2746 transtulerant,
678 2673 891 2752 livore
931 2686 998 2736 et
1028 2671 1454 2768 aemulatione
1489 2671 1821 2758 potentiae
1855 2654 2348 2785 infensiffedzz
2365 2651 2495 2728 ,Per-¹

152 2771 215 2818 et
251 2737 514 2820 crebris
551 2758 927 2838 Perpernae
965 2753 1375 2819 sermonibus
1418 2753 1960 2830 incendebantur,
2024 2755 2138 2840 qui

153 2839 276 2908 sibi
320 2836 557 2903 deberi
606 2858 909 2903 summam
953 2835 1217 2920 imperii
1262 2854 1385 2920 pro
1422 2843 1537 2898 ‘ter
1579 2836 1982 2899 nobilitatem
2021 2857 2137 2921 ge-

1425 2916 1439 2931 0

147 2921 326 2985 neris
359 2917 774 2985 existimabat.
820 2918 1093 2993 idcirco,
1141 2917 1367 2981 clande
1422 2917 1551 2980 mis
1578 2920 1955 3005 opprobriis
1981 2920 2135 2982 Ser-

145 3105 422 3173 rumque
463 3083 781 3172 invidiose
825 3080 1126 3150 deflebat.
1187 3125 1188 3130 1
1224 3082 1375 3168 Quis
1408 3085 1593 3158 enim,
1650 3083 1894 3167 inquit,
1960 3083 2137 3143 malus

35 3205 36 3208 =
139 3175 331 3250 genius
369 3189 429 3230 eo
467 3165 789 3228 calamitatis
829 3186 926 3226 nos
963 3164 1252 3250 compulit,
1297 3183 1363 3223 ut
1380 3205 1397 3237 ‚
1442 3162 1626 3223 Sullae
1643 3206 1660 3238 ,
1707 3184 1984 3226 terrarum
2017 3187 2134 3234 amq

144 3270 294 3310 mum
333 3252 607 3329 marisque
643 3248 938 3309 dominium
975 3249 1272 3322 obtinenti,
1325 3261 1526 3326 parere
1559 3246 1867 3328 dedignati,
1926 3248 2017 3309 ubi
2059 3246 2134 3304 li..

141 3330 328 3413 cuiffet
365 3331 511 3395 domi
551 3328 890 3393 manentibus
909 3372 927 3406 ,
973 3329 1134 3412 salva
1172 3330 1442 3411 dignitate
1468 3368 1486 3402 ,
1533 3326 1708 3408 salvis
1740 3325 2130 3412 facultatibus,

35 3469 36 3482 ,
139 3417 197 3476 in
234 3418 347 3474 otio
388 3412 618 3495 degere,
662 3409 968 3475 Sertorium
992 3409 1287 3496 fiquamur
1300 3433 1322 3481 ,-
1368 3425 1442 3484 et,
1486 3406 1850 3470 voluntariam
1871 3410 1976 3493 sub
2010 3414 2132 3469 ina-

35 3491 36 3536 5
139 3499 198 3559 ni
232 3496 517 3558 libertatis
545 3492 720 3574 specie
784 3496 1073 3558 ervitutem
1112 3490 1389 3572 amplexi,
1452 3490 1597 3552 dicto
1640 3490 1839 3572 exfielis
1877 3512 2132 3575 geramus

35 3565 38 3576 ι

35 3639 38 3652 Ι

140 3598 345 3638 morem
366 3575 395 3633 ,Ρ
465 3579 673 3656 egregio
739 3573 912 3636 cilicet
951 3579 1190 3657 praemio
1213 3616 1231 3647 ‚
1287 3572 1435 3656 quod
1481 3572 1715 3634 ridicula
1756 3572 1995 3636 omnibus
2029 3588 2130 3652 ap-

35 3677 38 3736 3
131 3658 428 3739 pellatione
458 3658 736 3721 Senatus
776 3667 1061 3729 vocamur3
1090 3655 1195 3738 fhb
1230 3654 1420 3716 decoro
1455 3658 1662 3714 nomine
1697 3676 1804 3716 non
1837 3662 2012 3718 minus
2041 3654 2130 3716 la-

35 3745 38 3804 }
137 3740 330 3801 borum
367 3738 913 3823 contumeliarumque
930 3781 950 3818 ,
1004 3759 1065 3805 ac
1085 3735 1147 3822 fi
1179 3735 1441 3830 Celtiberi
1477 3754 1576 3796 aut
1604 3733 1849 3820 Lufi'tani
1883 3737 2122 3827 ffmus,

135 3821 480 3904 perfi‘renter
501 3823 527 3884 Ι

35 3943 38 3970 l

35 4231 38 4262 i

207 4011 359 4082 Cap.
389 4012 515 4068 XX.
574 4009 790 4063 Strabo
799 4045 823 4090 :¹
843 4008 899 4064 ³1.
934 3979 1015 4091 1'3,
1050 4026 1112 4082 p.
1141 3977 1265 4090 ὀὴ..
1304 4008 1478 4099 Oros.
1502 4003 1773 4088 ,Appiam
1808 4006 1936 4068 le.
1965 4002 2126 4077 Epit.

143 4080 1058 4223 gli-Sta.ngzpiffgllillnvefilplt·
1095 4076 1351 4156 Apptan.
1390 4076 1562 4136 (alvtl.
1588 4077 1632 4136 l.
1660 4096 1711 4135 ι.
1783 4077 2155 4158 Cap-‘XXIIv
