<?xml version="1.0" encoding="UTF-8"?>
<!DOCTYPE html PUBLIC "-//W3C//DTD XHTML 1.0 Transitional//EN"
    "http://www.w3.org/TR/xhtml1/DTD/xhtml1-transitional.dtd">
<html xmlns="http://www.w3.org/1999/xhtml" xml:lang="en" lang="en">
 <head>
  <title>
</title>
<meta http-equiv="Content-Type" content="text/html;charset=utf-8" />
  <meta name='ocr-system' content='tesseract 3.04.00' />
  <meta name='ocr-capabilities' content='ocr_page ocr_carea ocr_par ocr_line ocrx_word'/>
</head>
<body>
  <div class='ocr_page' id='page_1' title='image "./tliviipatavinih14unkngoog_0082.png"; bbox 0 0 2717 4667; ppageno 0'>
   <div class='ocr_carea' id='block_1_1' title="bbox 482 192 2556 284">
    <p class='ocr_par' dir='ltr' id='par_1_1' title="bbox 482 192 2556 284">
     <span class='ocr_line' id='line_1_1' title="bbox 482 192 2556 284; baseline -0.008 -15"><span class='ocrx_word' id='word_1_1' title='bbox 482 207 487 214; x_wconf 61' lang='lat'><strong>⁴</strong></span> <span class='ocrx_word' id='word_1_2' title='bbox 575 200 659 284; x_wconf 73' lang='lat'>76</span> <span class='ocrx_word' id='word_1_3' title='bbox 699 201 1255 267; x_wconf 82' lang='lat' dir='ltr'>FREINSHEMII</span> <span class='ocrx_word' id='word_1_4' title='bbox 1294 194 2114 263; x_wconf 75' lang='lat' dir='ltr'>SUPPLEMENTORUM</span> <span class='ocrx_word' id='word_1_5' title='bbox 2140 196 2286 257; x_wconf 77' lang='lat' dir='ltr'>Lm.</span> <span class='ocrx_word' id='word_1_6' title='bbox 2319 192 2556 254; x_wconf 90' lang='lat' dir='ltr'>XLIII.</span> 
     </span>
    </p>
   </div>
   <div class='ocr_carea' id='block_1_2' title="bbox 232 402 2587 1555">
    <p class='ocr_par' dir='ltr' id='par_1_2' title="bbox 232 402 2587 1555">
     <span class='ocr_line' id='line_1_2' title="bbox 279 402 2565 496; baseline -0.004 -26"><span class='ocrx_word' id='word_1_7' title='bbox 279 412 557 471; x_wconf 70' lang='lat' dir='ltr'>(Le-665.</span> <span class='ocrx_word' id='word_1_8' title='bbox 583 412 794 496; x_wconf 80' lang='lat' dir='ltr'>degit,</span> <span class='ocrx_word' id='word_1_9' title='bbox 859 410 1144 493; x_wconf 86' lang='lat' dir='ltr'>aliasque</span> <span class='ocrx_word' id='word_1_10' title='bbox 1187 409 1343 469; x_wconf 91' lang='lat' dir='ltr'>item</span> <span class='ocrx_word' id='word_1_11' title='bbox 1387 407 1633 469; x_wconf 86' lang='lat' dir='ltr'>insulas</span> <span class='ocrx_word' id='word_1_12' title='bbox 1671 406 1751 467; x_wconf 90' lang='lat' dir='ltr'>ad</span> <span class='ocrx_word' id='word_1_13' title='bbox 1796 407 2067 468; x_wconf 79' lang='lat' dir='ltr'><strong>Maleam</strong></span> <span class='ocrx_word' id='word_1_14' title='bbox 2099 423 2339 488; x_wconf 81' lang='lat' dir='ltr'>usque:</span> <span class='ocrx_word' id='word_1_15' title='bbox 2381 402 2565 462; x_wconf 79' lang='lat' dir='ltr'>Ere-</span> 
     </span>
     <span class='ocr_line' id='line_1_3' title="bbox 232 479 2566 578; baseline -0.004 -25"><span class='ocrx_word' id='word_1_16' title='bbox 232 515 239 522; x_wconf 78' lang='grc'><strong>’</strong></span> <span class='ocrx_word' id='word_1_17' title='bbox 284 479 554 552; x_wconf 64' lang='lat' dir='ltr'>A.c.87.</span> <span class='ocrx_word' id='word_1_18' title='bbox 583 496 707 556; x_wconf 84' lang='lat' dir='ltr'>tria</span> <span class='ocrx_word' id='word_1_19' title='bbox 749 513 1006 578; x_wconf 89' lang='lat' dir='ltr'>quoque</span> <span class='ocrx_word' id='word_1_20' title='bbox 1055 505 1121 553; x_wconf 90' lang='lat' dir='ltr'>et</span> <span class='ocrx_word' id='word_1_21' title='bbox 1159 489 1495 562; x_wconf 78' lang='lat' dir='ltr'>Chalcide,</span> <span class='ocrx_word' id='word_1_22' title='bbox 1537 502 1803 571; x_wconf 86' lang='lat' dir='ltr'>totaque</span> <span class='ocrx_word' id='word_1_23' title='bbox 1849 488 2039 549; x_wconf 89' lang='lat' dir='ltr'>simul</span> <span class='ocrx_word' id='word_1_24' title='bbox 2081 488 2346 551; x_wconf 81' lang='lat' dir='ltr'>Euboea</span> <span class='ocrx_word' id='word_1_25' title='bbox 2377 485 2566 569; x_wconf 85' lang='lat' dir='ltr'>poti-</span> 
     </span>
     <span class='ocr_line' id='line_1_4' title="bbox 578 569 2569 656; baseline -0.006 -19"><span class='ocrx_word' id='word_1_26' title='bbox 578 589 709 638; x_wconf 83' lang='lat' dir='ltr'>tus.</span> <span class='ocrx_word' id='word_1_27' title='bbox 792 577 891 635; x_wconf 88' lang='lat' dir='ltr'>Eo</span> <span class='ocrx_word' id='word_1_28' title='bbox 937 588 1234 656; x_wconf 87' lang='lat' dir='ltr'>tempore</span> <span class='ocrx_word' id='word_1_29' title='bbox 1280 572 1483 632; x_wconf 90' lang='lat' dir='ltr'>Delus</span> <span class='ocrx_word' id='word_1_30' title='bbox 1515 592 1551 631; x_wconf 91' lang='lat' dir='ltr'>a</span> <span class='ocrx_word' id='word_1_31' title='bbox 1592 569 2017 656; x_wconf 74' lang='lat' dir='ltr'>Metrophane</span> <span class='ocrx_word' id='word_1_32' title='bbox 2063 570 2397 655; x_wconf 85' lang='lat' dir='ltr'>praefecto</span> <span class='ocrx_word' id='word_1_33' title='bbox 2449 586 2569 627; x_wconf 83' lang='lat' dir='ltr'>re-</span> 
     </span>
     <span class='ocr_line' id='line_1_5' title="bbox 582 650 2570 741; baseline -0.005 -21"><span class='ocrx_word' id='word_1_34' title='bbox 582 658 697 741; x_wconf 80' lang='lat' dir='ltr'>gio</span> <span class='ocrx_word' id='word_1_35' title='bbox 740 654 994 738; x_wconf 89' lang='lat' dir='ltr'>direpta</span> <span class='ocrx_word' id='word_1_36' title='bbox 1029 667 1164 715; x_wconf 83' lang='lat' dir='ltr'>est:</span> <span class='ocrx_word' id='word_1_37' title='bbox 1212 673 1442 735; x_wconf 87' lang='lat' dir='ltr'>quum,</span> <span class='ocrx_word' id='word_1_38' title='bbox 1489 653 1629 714; x_wconf 83' lang='lat' dir='ltr'>sine</span> <span class='ocrx_word' id='word_1_39' title='bbox 1678 653 1879 713; x_wconf 88' lang='lat' dir='ltr'>muris</span> <span class='ocrx_word' id='word_1_40' title='bbox 1926 667 1989 714; x_wconf 89' lang='lat' dir='ltr'>et</span> <span class='ocrx_word' id='word_1_41' title='bbox 2033 650 2404 737; x_wconf 83' lang='lat' dir='ltr'>praesidio,</span> <span class='ocrx_word' id='word_1_42' title='bbox 2457 671 2570 711; x_wconf 89' lang='lat' dir='ltr'>sa-</span> 
     </span>
     <span class='ocr_line' id='line_1_6' title="bbox 588 733 2570 818; baseline -0.004 -19"><span class='ocrx_word' id='word_1_43' title='bbox 588 757 849 799; x_wconf 85' lang='lat' dir='ltr'>crorum</span> <span class='ocrx_word' id='word_1_44' title='bbox 905 734 1325 798; x_wconf 83' lang='lat' dir='ltr'>veneratione</span> <span class='ocrx_word' id='word_1_45' title='bbox 1391 733 1469 795; x_wconf 89' lang='lat' dir='ltr'>ad</span> <span class='ocrx_word' id='word_1_46' title='bbox 1531 733 1602 794; x_wconf 90' lang='lat' dir='ltr'>id</span> <span class='ocrx_word' id='word_1_47' title='bbox 1661 748 1914 818; x_wconf 85' lang='lat' dir='ltr'>tempus</span> <span class='ocrx_word' id='word_1_48' title='bbox 1963 733 2228 796; x_wconf 88' lang='lat' dir='ltr'>defendi</span> <span class='ocrx_word' id='word_1_49' title='bbox 2265 734 2570 795; x_wconf 63' lang='lat' dir='ltr'>soleret.</span> 
     </span>
     <span class='ocr_line' id='line_1_7' title="bbox 588 813 2576 899; baseline -0.003 -18"><span class='ocrx_word' id='word_1_50' title='bbox 588 823 663 881; x_wconf 87' lang='lat' dir='ltr'>In</span> <span class='ocrx_word' id='word_1_51' title='bbox 703 837 783 880; x_wconf 89' lang='lat' dir='ltr'>eo</span> <span class='ocrx_word' id='word_1_52' title='bbox 818 819 1094 881; x_wconf 80' lang='lat' dir='ltr'>tumultu</span> <span class='ocrx_word' id='word_1_53' title='bbox 1129 816 1507 877; x_wconf 85' lang='lat' dir='ltr'>convulsum</span> <span class='ocrx_word' id='word_1_54' title='bbox 1543 837 1579 875; x_wconf 86' lang='lat' dir='ltr'>a</span> <span class='ocrx_word' id='word_1_55' title='bbox 1608 815 1885 877; x_wconf 89' lang='lat' dir='ltr'>barbaro</span> <span class='ocrx_word' id='word_1_56' title='bbox 1920 816 2196 899; x_wconf 87' lang='lat' dir='ltr'>quodam</span> <span class='ocrx_word' id='word_1_57' title='bbox 2234 813 2576 897; x_wconf 81' lang='lat' dir='ltr'>Apollinis</span> 
     </span>
     <span class='ocr_line' id='line_1_8' title="bbox 520 896 2579 981; baseline -0.004 -17"><span class='ocrx_word' id='word_1_58' title='bbox 520 899 531 906; x_wconf 67' lang='grc'><em>”</em></span> <span class='ocrx_word' id='word_1_59' title='bbox 588 900 769 963; x_wconf 82' lang='grc' dir='ltr'><strong>Βο1ἰὶ</strong></span> <span class='ocrx_word' id='word_1_60' title='bbox 810 901 1253 969; x_wconf 85' lang='lat' dir='ltr'>simulacrum,</span> <span class='ocrx_word' id='word_1_61' title='bbox 1317 912 1384 960; x_wconf 87' lang='lat' dir='ltr'>et</span> <span class='ocrx_word' id='word_1_62' title='bbox 1422 897 1490 957; x_wconf 90' lang='lat' dir='ltr'>in</span> <span class='ocrx_word' id='word_1_63' title='bbox 1535 918 1709 958; x_wconf 89' lang='lat' dir='ltr'>mare</span> <span class='ocrx_word' id='word_1_64' title='bbox 1751 918 1872 981; x_wconf 85' lang='lat' dir='ltr'>per</span> <span class='ocrx_word' id='word_1_65' title='bbox 1911 897 2362 959; x_wconf 88' lang='lat' dir='ltr'>contumeliam</span> <span class='ocrx_word' id='word_1_66' title='bbox 2402 896 2579 957; x_wconf 87' lang='lat' dir='ltr'>mis-</span> 
     </span>
     <span class='ocr_line' id='line_1_9' title="bbox 576 977 2578 1063; baseline -0.003 -18"><span class='ocrx_word' id='word_1_67' title='bbox 576 1004 732 1045; x_wconf 81' lang='lat' dir='ltr'>-sum</span> <span class='ocrx_word' id='word_1_68' title='bbox 759 1023 775 1052; x_wconf 86' lang='lat'>,</span> <span class='ocrx_word' id='word_1_69' title='bbox 847 980 1212 1043; x_wconf 83' lang='lat' dir='ltr'>serentibus</span> <span class='ocrx_word' id='word_1_70' title='bbox 1263 977 1454 1040; x_wconf 90' lang='lat' dir='ltr'>undis</span> <span class='ocrx_word' id='word_1_71' title='bbox 1500 978 1581 1039; x_wconf 90' lang='lat' dir='ltr'>ad</span> <span class='ocrx_word' id='word_1_72' title='bbox 1624 979 1942 1041; x_wconf 87' lang='lat' dir='ltr'>Laconiae</span> <span class='ocrx_word' id='word_1_73' title='bbox 1992 980 2303 1063; x_wconf 89' lang='lat' dir='ltr'>oppidum</span> <span class='ocrx_word' id='word_1_74' title='bbox 2348 981 2578 1040; x_wconf 85' lang='lat' dir='ltr'>Boeas</span> 
     </span>
     <span class='ocr_line' id='line_1_10' title="bbox 398 1059 2578 1149; baseline -0.004 -22"><span class='ocrx_word' id='word_1_75' title='bbox 398 1128 404 1142; x_wconf 68' lang='lat'>‚</span> <span class='ocrx_word' id='word_1_76' title='bbox 588 1063 903 1149; x_wconf 78' lang='lat' dir='ltr'>appuliss&#39;e</span> <span class='ocrx_word' id='word_1_77' title='bbox 969 1072 1331 1133; x_wconf 80' lang='lat' dir='ltr'><strong>autumant,</strong></span> <span class='ocrx_word' id='word_1_78' title='bbox 1442 1061 1554 1121; x_wconf 89' lang='lat' dir='ltr'>uhi</span> <span class='ocrx_word' id='word_1_79' title='bbox 1624 1060 1860 1122; x_wconf 88' lang='lat' dir='ltr'>deinde</span> <span class='ocrx_word' id='word_1_80' title='bbox 1923 1061 2139 1123; x_wconf 85' lang='lat' dir='ltr'>fanum</span> <span class='ocrx_word' id='word_1_81' title='bbox 2195 1061 2253 1122; x_wconf 89' lang='lat' dir='ltr'><strong>A</strong></span> <span class='ocrx_word' id='word_1_82' title='bbox 2303 1059 2578 1138; x_wconf 82' lang='lat' dir='ltr'>ollinis,</span> 
     </span>
     <span class='ocr_line' id='line_1_11' title="bbox 494 1142 2583 1226; baseline -0.004 -18"><span class='ocrx_word' id='word_1_83' title='bbox 494 1159 497 1162; x_wconf 74' lang='grc'><em>’</em></span> <span class='ocrx_word' id='word_1_84' title='bbox 582 1144 838 1224; x_wconf 74' lang='lat' dir='ltr'>sztdelii</span> <span class='ocrx_word' id='word_1_85' title='bbox 878 1157 1342 1226; x_wconf 84' lang='lat' dir='ltr'>cognoment0‚</span> <span class='ocrx_word' id='word_1_86' title='bbox 1403 1146 1683 1206; x_wconf 87' lang='lat' dir='ltr'>Boeatae</span> <span class='ocrx_word' id='word_1_87' title='bbox 1729 1142 2128 1206; x_wconf 83' lang='lat' dir='ltr'>dedicarunt.</span> <span class='ocrx_word' id='word_1_88' title='bbox 2213 1142 2271 1203; x_wconf 90' lang='lat' dir='ltr'>A</span> <span class='ocrx_word' id='word_1_89' title='bbox 2298 1142 2360 1202; x_wconf 91' lang='lat' dir='ltr'>ia</span> <span class='ocrx_word' id='word_1_90' title='bbox 2404 1161 2583 1225; x_wconf 88' lang='lat' dir='ltr'>quo-</span> 
     </span>
     <span class='ocr_line' id='line_1_12' title="bbox 596 1223 2578 1312; baseline -0.004 -23"><span class='ocrx_word' id='word_1_91' title='bbox 596 1246 725 1312; x_wconf 82' lang='lat' dir='ltr'>que</span> <span class='ocrx_word' id='word_1_92' title='bbox 765 1225 1046 1288; x_wconf 85' lang='lat' dir='ltr'>diversis</span> <span class='ocrx_word' id='word_1_93' title='bbox 1098 1225 1327 1288; x_wconf 86' lang='lat' dir='ltr'>insulis</span> <span class='ocrx_word' id='word_1_94' title='bbox 1368 1223 1616 1287; x_wconf 83' lang='lat' dir='ltr'>castella</span> <span class='ocrx_word' id='word_1_95' title='bbox 1656 1246 1690 1285; x_wconf 90' lang='lat' dir='ltr'>a</span> <span class='ocrx_word' id='word_1_96' title='bbox 1735 1224 1939 1307; x_wconf 85' lang='lat' dir='ltr'>regiis</span> <span class='ocrx_word' id='word_1_97' title='bbox 1986 1237 2341 1309; x_wconf 69' lang='lat' dir='ltr'>expuoenata</span> <span class='ocrx_word' id='word_1_98' title='bbox 2377 1236 2578 1293; x_wconf 59' lang='lat' dir='ltr'>sunt,</span> 
     </span>
     <span class='ocr_line' id='line_1_13' title="bbox 599 1303 2584 1390; baseline -0.004 -20"><span class='ocrx_word' id='word_1_99' title='bbox 599 1303 834 1370; x_wconf 85' lang='lat' dir='ltr'>occisis</span> <span class='ocrx_word' id='word_1_100' title='bbox 871 1308 1112 1390; x_wconf 83' lang='lat' dir='ltr'>ubique</span> <span class='ocrx_word' id='word_1_101' title='bbox 1144 1307 1413 1368; x_wconf 81' lang='lat' dir='ltr'>circiter</span> <span class='ocrx_word' id='word_1_102' title='bbox 1443 1307 1677 1390; x_wconf 81' lang='lat' dir='ltr'>viginti</span> <span class='ocrx_word' id='word_1_103' title='bbox 1708 1306 2039 1368; x_wconf 88' lang='lat' dir='ltr'>hominum</span> <span class='ocrx_word' id='word_1_104' title='bbox 2079 1308 2165 1373; x_wconf 85' lang='lat' dir='ltr'>mi</span> <span class='ocrx_word' id='word_1_105' title='bbox 2193 1306 2385 1379; x_wconf 89' lang='lat' dir='ltr'>libus,</span> <span class='ocrx_word' id='word_1_106' title='bbox 2437 1325 2584 1364; x_wconf 87' lang='lat' dir='ltr'>ma-</span> 
     </span>
     <span class='ocr_line' id='line_1_14' title="bbox 595 1386 2587 1474; baseline -0.002 -24"><span class='ocrx_word' id='word_1_107' title='bbox 595 1391 830 1457; x_wconf 78' lang='lat' dir='ltr'>ximam</span> <span class='ocrx_word' id='word_1_108' title='bbox 862 1403 1110 1474; x_wconf 88' lang='lat' dir='ltr'>partem</span> <span class='ocrx_word' id='word_1_109' title='bbox 1142 1389 1403 1451; x_wconf 86' lang='lat' dir='ltr'>Italicis.</span> <span class='ocrx_word' id='word_1_110' title='bbox 1490 1392 1581 1450; x_wconf 88' lang='lat' dir='ltr'>Ea</span> <span class='ocrx_word' id='word_1_111' title='bbox 1619 1389 1758 1451; x_wconf 89' lang='lat' dir='ltr'>loca</span> <span class='ocrx_word' id='word_1_112' title='bbox 1783 1388 2289 1452; x_wconf 68' lang='lat' dir='ltr'>Atheniensibus</span> <span class='ocrx_word' id='word_1_113' title='bbox 2320 1386 2587 1449; x_wconf 86' lang='lat' dir='ltr'>Arche-</span> 
     </span>
     <span class='ocr_line' id='line_1_15' title="bbox 592 1469 2247 1555; baseline -0.001 -23"><span class='ocrx_word' id='word_1_114' title='bbox 592 1469 734 1549; x_wconf 69' lang='lat' dir='ltr'>laus</span> <span class='ocrx_word' id='word_1_115' title='bbox 772 1471 1067 1534; x_wconf 79' lang='lat' dir='ltr'>attribuit</span> <span class='ocrx_word' id='word_1_116' title='bbox 1090 1512 1106 1543; x_wconf 92' lang='lat'>‚</span> <span class='ocrx_word' id='word_1_117' title='bbox 1153 1492 1188 1531; x_wconf 90' lang='lat' dir='ltr'>a</span> <span class='ocrx_word' id='word_1_118' title='bbox 1226 1471 1460 1555; x_wconf 87' lang='lat' dir='ltr'>quibus</span> <span class='ocrx_word' id='word_1_119' title='bbox 1502 1470 1808 1533; x_wconf 71' lang='lat' dir='ltr'>deTeciffe</span> <span class='ocrx_word' id='word_1_120' title='bbox 1846 1469 2247 1552; x_wconf 78' lang='lat' dir='ltr'>dicebantur.</span> 
     </span>
    </p>
   </div>
   <div class='ocr_carea' id='block_1_3' title="bbox 228 1571 2592 1755">
    <p class='ocr_par' dir='ltr' id='par_1_3' title="bbox 228 1571 2592 1755">
     <span class='ocr_line' id='line_1_16' title="bbox 276 1571 2592 1667; baseline -0.002 -28"><span class='ocrx_word' id='word_1_121' title='bbox 276 1579 512 1667; x_wconf 57' lang='lat' dir='ltr'>&#39;Auem</span> <span class='ocrx_word' id='word_1_122' title='bbox 721 1578 1011 1664; x_wconf 80' lang='lat' dir='ltr'>XXXIX.</span> <span class='ocrx_word' id='word_1_123' title='bbox 1066 1576 1372 1637; x_wconf 79' lang='lat' dir='ltr'>=Athenas</span> <span class='ocrx_word' id='word_1_124' title='bbox 1439 1576 1612 1638; x_wconf 88' lang='lat' dir='ltr'>enim</span> <span class='ocrx_word' id='word_1_125' title='bbox 1668 1576 1874 1660; x_wconf 85' lang='lat' dir='ltr'>regiis</span> <span class='ocrx_word' id='word_1_126' title='bbox 1944 1576 2237 1664; x_wconf 81' lang='lat' dir='ltr'>partibus</span> <span class='ocrx_word' id='word_1_127' title='bbox 2294 1571 2592 1635; x_wconf 78' lang='lat' dir='ltr'>Aristion</span> 
     </span>
     <span class='ocr_line' id='line_1_17' title="bbox 228 1655 2592 1755; baseline -0.003 -32"><span class='ocrx_word' id='word_1_128' title='bbox 228 1666 576 1723; x_wconf 58' lang='lat' dir='ltr'>&#39;‘gutum&#39;‘</span> <span class='ocrx_word' id='word_1_129' title='bbox 598 1657 860 1742; x_wconf 86' lang='lat' dir='ltr'>quidam</span> <span class='ocrx_word' id='word_1_130' title='bbox 894 1657 1303 1735; x_wconf 83' lang='lat' dir='ltr'>adjunxerat3</span> <span class='ocrx_word' id='word_1_131' title='bbox 1370 1658 1532 1720; x_wconf 91' lang='lat' dir='ltr'>adeo</span> <span class='ocrx_word' id='word_1_132' title='bbox 1569 1660 1764 1720; x_wconf 88' lang='lat' dir='ltr'>nullis</span> <span class='ocrx_word' id='word_1_133' title='bbox 1795 1659 1902 1720; x_wconf 80' lang='lat' dir='ltr'>vel</span> <span class='ocrx_word' id='word_1_134' title='bbox 1945 1657 2024 1719; x_wconf 87' lang='lat' dir='ltr'>ad</span> <span class='ocrx_word' id='word_1_135' title='bbox 2075 1656 2435 1755; x_wconf 86' lang='lat' dir='ltr'>cogendum</span> <span class='ocrx_word' id='word_1_136' title='bbox 2469 1655 2592 1716; x_wconf 83' lang='lat' dir='ltr'>vel</span> 
     </span>
    </p>
   </div>
   <div class='ocr_carea' id='block_1_4' title="bbox 132 1734 2592 1823">
    <p class='ocr_par' dir='ltr' id='par_1_4' title="bbox 132 1734 2592 1823">
     <span class='ocr_line' id='line_1_18' title="bbox 132 1734 2592 1823; baseline -0.003 -20"><span class='ocrx_word' id='word_1_137' title='bbox 132 1799 145 1806; x_wconf 90' lang='grc'><em>,</em></span> <span class='ocrx_word' id='word_1_138' title='bbox 231 1734 547 1793; x_wconf 70' lang='grc' dir='ltr'>·”Ψ’“’“’”’·</span> <span class='ocrx_word' id='word_1_139' title='bbox 600 1740 688 1801; x_wconf 87' lang='lat' dir='ltr'>ad</span> <span class='ocrx_word' id='word_1_140' title='bbox 711 1738 1105 1802; x_wconf 83' lang='lat' dir='ltr'>suadendum</span> <span class='ocrx_word' id='word_1_141' title='bbox 1136 1739 1487 1823; x_wconf 83' lang='lat' dir='ltr'>praesidiis</span> <span class='ocrx_word' id='word_1_142' title='bbox 1521 1739 1890 1814; x_wconf 83' lang='lat' dir='ltr'>instructus,</span> <span class='ocrx_word' id='word_1_143' title='bbox 1935 1754 2009 1802; x_wconf 90' lang='lat' dir='ltr'>ut</span> <span class='ocrx_word' id='word_1_144' title='bbox 2049 1740 2213 1801; x_wconf 77' lang='lat' dir='ltr'>nihil</span> <span class='ocrx_word' id='word_1_145' title='bbox 2248 1738 2592 1822; x_wconf 85' lang='lat' dir='ltr'>relinqua-</span> 
     </span>
    </p>
   </div>
   <div class='ocr_carea' id='block_1_5' title="bbox 526 1820 2598 2398">
    <p class='ocr_par' dir='ltr' id='par_1_5' title="bbox 526 1820 2598 2398">
     <span class='ocr_line' id='line_1_19' title="bbox 598 1820 2593 1909; baseline -0.002 -27"><span class='ocrx_word' id='word_1_146' title='bbox 598 1835 706 1882; x_wconf 84' lang='lat' dir='ltr'>tur</span> <span class='ocrx_word' id='word_1_147' title='bbox 762 1821 924 1883; x_wconf 88' lang='lat' dir='ltr'>haec</span> <span class='ocrx_word' id='word_1_148' title='bbox 997 1822 1403 1903; x_wconf 85' lang='lat' dir='ltr'>legentibus,</span> <span class='ocrx_word' id='word_1_149' title='bbox 1484 1845 1670 1909; x_wconf 88' lang='lat' dir='ltr'>quam</span> <span class='ocrx_word' id='word_1_150' title='bbox 1735 1824 2047 1886; x_wconf 88' lang='lat' dir='ltr'>Graecam</span> <span class='ocrx_word' id='word_1_151' title='bbox 2094 1822 2420 1884; x_wconf 80' lang='lat' dir='ltr'>levitatem</span> <span class='ocrx_word' id='word_1_152' title='bbox 2467 1820 2593 1879; x_wconf 88' lang='lat' dir='ltr'>ad-</span> 
     </span>
     <span class='ocr_line' id='line_1_20' title="bbox 604 1900 2595 1978; baseline -0.001 -15"><span class='ocrx_word' id='word_1_153' title='bbox 604 1904 850 1964; x_wconf 89' lang='lat' dir='ltr'>mirari.</span> <span class='ocrx_word' id='word_1_154' title='bbox 937 1905 1101 1965; x_wconf 86' lang='lat' dir='ltr'>Eum</span> <span class='ocrx_word' id='word_1_155' title='bbox 1137 1902 1559 1978; x_wconf 82' lang='lat' dir='ltr'>Aristionem‚</span> <span class='ocrx_word' id='word_1_156' title='bbox 1610 1926 1690 1967; x_wconf 80' lang='lat' dir='ltr'>ex</span> <span class='ocrx_word' id='word_1_157' title='bbox 1727 1902 2124 1973; x_wconf 83' lang='lat' dir='ltr'>Aristotelis,</span> <span class='ocrx_word' id='word_1_158' title='bbox 2169 1904 2305 1975; x_wconf 80' lang='lat' dir='ltr'>vel,</span> <span class='ocrx_word' id='word_1_159' title='bbox 2352 1915 2424 1962; x_wconf 90' lang='lat' dir='ltr'>ut</span> <span class='ocrx_word' id='word_1_160' title='bbox 2469 1900 2595 1963; x_wconf 85' lang='lat' dir='ltr'>alii</span> 
     </span>
     <span class='ocr_line' id='line_1_21' title="bbox 603 1981 2598 2125; baseline -0.003 -78"><span class='ocrx_word' id='word_1_161' title='bbox 603 1986 877 2058; x_wconf 86' lang='lat' dir='ltr'>malunt,</span> <span class='ocrx_word' id='word_1_162' title='bbox 926 2005 1005 2046; x_wconf 79' lang='lat' dir='ltr'>ex</span> <span class='ocrx_word' id='word_1_163' title='bbox 1037 1984 1308 2125; x_wconf 74' lang='lat' dir='ltr'>Epicuri</span> <span class='ocrx_word' id='word_1_164' title='bbox 1346 1986 1565 2048; x_wconf 88' lang='lat' dir='ltr'>schola</span> <span class='ocrx_word' id='word_1_165' title='bbox 1605 1983 1944 2073; x_wconf 81' lang='lat' dir='ltr'>sophistam</span> <span class='ocrx_word' id='word_1_166' title='bbox 1971 2030 1989 2061; x_wconf 88' lang='lat'>,</span> <span class='ocrx_word' id='word_1_167' title='bbox 2034 1984 2465 2048; x_wconf 87' lang='lat' dir='ltr'>Athenienses</span> <span class='ocrx_word' id='word_1_168' title='bbox 2503 1981 2598 2042; x_wconf 82' lang='lat' dir='ltr'>ad</span> 
     </span>
     <span class='ocr_line' id='line_1_22' title="bbox 526 2064 2596 2150; baseline -0.002 -21"><span class='ocrx_word' id='word_1_169' title='bbox 526 2085 533 2094; x_wconf 60' lang='lat'><em>¹</em></span> <span class='ocrx_word' id='word_1_170' title='bbox 606 2064 1048 2138; x_wconf 78' lang='lat' dir='ltr'>Mithridatem</span> <span class='ocrx_word' id='word_1_171' title='bbox 1132 2081 1384 2149; x_wconf 88' lang='lat' dir='ltr'>egatum</span> <span class='ocrx_word' id='word_1_172' title='bbox 1435 2069 1779 2130; x_wconf 80' lang='lat' dir='ltr'>miserant:</span> <span class='ocrx_word' id='word_1_173' title='bbox 1858 2082 1923 2130; x_wconf 90' lang='lat' dir='ltr'>et</span> <span class='ocrx_word' id='word_1_174' title='bbox 1976 2090 2092 2131; x_wconf 83' lang='lat' dir='ltr'>rex</span> <span class='ocrx_word' id='word_1_175' title='bbox 2139 2067 2420 2150; x_wconf 88' lang='lat' dir='ltr'>benigne</span> <span class='ocrx_word' id='word_1_176' title='bbox 2477 2083 2596 2125; x_wconf 89' lang='lat' dir='ltr'>ac·</span> 
     </span>
     <span class='ocr_line' id='line_1_23' title="bbox 613 2145 2597 2233; baseline -0.002 -23"><span class='ocrx_word' id='word_1_177' title='bbox 613 2160 870 2231; x_wconf 88' lang='lat' dir='ltr'>ceptum</span> <span class='ocrx_word' id='word_1_178' title='bbox 893 2190 910 2221; x_wconf 90' lang='lat'>,</span> <span class='ocrx_word' id='word_1_179' title='bbox 981 2148 1282 2232; x_wconf 84' lang='lat' dir='ltr'>quoniam</span> <span class='ocrx_word' id='word_1_180' title='bbox 1338 2150 1554 2233; x_wconf 88' lang='lat' dir='ltr'>magni</span> <span class='ocrx_word' id='word_1_181' title='bbox 1598 2148 1957 2213; x_wconf 85' lang='lat' dir='ltr'>aestimabat</span> <span class='ocrx_word' id='word_1_182' title='bbox 1995 2148 2427 2211; x_wconf 80' lang='lat' dir='ltr'>Athenienses</span> <span class='ocrx_word' id='word_1_183' title='bbox 2471 2145 2597 2206; x_wconf 88' lang='lat' dir='ltr'>ha-</span> 
     </span>
     <span class='ocr_line' id='line_1_24' title="bbox 611 2221 2598 2313; baseline -0.002 -22"><span class='ocrx_word' id='word_1_184' title='bbox 611 2230 773 2291; x_wconf 87' lang='lat' dir='ltr'>bere</span> <span class='ocrx_word' id='word_1_185' title='bbox 811 2230 1059 2302; x_wconf 76' lang='lat' dir='ltr'>socios,</span> <span class='ocrx_word' id='word_1_186' title='bbox 1106 2230 1174 2289; x_wconf 89' lang='lat' dir='ltr'>in</span> <span class='ocrx_word' id='word_1_187' title='bbox 1216 2221 1569 2293; x_wconf 68' lang='lat' dir='ltr'>amicorum</span> <span class='ocrx_word' id='word_1_188' title='bbox 1622 2232 1957 2295; x_wconf 89' lang='lat' dir='ltr'>cohortem</span> <span class='ocrx_word' id='word_1_189' title='bbox 1992 2243 2360 2313; x_wconf 83' lang='lat' dir='ltr'>receperat:</span> <span class='ocrx_word' id='word_1_190' title='bbox 2392 2227 2598 2310; x_wconf 41' lang='lat' dir='ltr'>,ejus-</span> 
     </span>
     <span class='ocr_line' id='line_1_25' title="bbox 613 2310 2584 2398; baseline -0.002 -26"><span class='ocrx_word' id='word_1_191' title='bbox 613 2329 740 2396; x_wconf 85' lang='lat' dir='ltr'>que</span> <span class='ocrx_word' id='word_1_192' title='bbox 770 2330 968 2398; x_wconf 88' lang='lat' dir='ltr'>opera</span> <span class='ocrx_word' id='word_1_193' title='bbox 998 2311 1067 2371; x_wconf 90' lang='lat' dir='ltr'>in</span> <span class='ocrx_word' id='word_1_194' title='bbox 1096 2312 1529 2395; x_wconf 83' lang='lat' dir='ltr'>legationibus</span> <span class='ocrx_word' id='word_1_195' title='bbox 1561 2314 1640 2378; x_wconf 90' lang='lat' dir='ltr'>ad</span> <span class='ocrx_word' id='word_1_196' title='bbox 1670 2316 1950 2396; x_wconf 52' lang='lat' dir='ltr'>Graecas</span> <span class='ocrx_word' id='word_1_197' title='bbox 1996 2313 2191 2374; x_wconf 84' lang='lat' dir='ltr'>urbes</span> <span class='ocrx_word' id='word_1_198' title='bbox 2225 2310 2547 2373; x_wconf 82' lang='lat' dir='ltr'>utebatur.</span> <span class='ocrx_word' id='word_1_199' title='bbox 2570 2323 2584 2346; x_wconf 59' lang='lat'><em>³</em></span> 
     </span>
    </p>
   </div>
   <div class='ocr_carea' id='block_1_6' title="bbox 152 2416 2619 3565">
    <p class='ocr_par' dir='ltr' id='par_1_6' title="bbox 152 2416 2611 3073">
     <span class='ocr_line' id='line_1_26' title="bbox 286 2416 2599 2505; baseline 0 -31"><span class='ocrx_word' id='word_1_200' title='bbox 286 2421 591 2505; x_wconf 64' lang='lat' dir='ltr'>tuypfttenu</span> <span class='ocrx_word' id='word_1_201' title='bbox 733 2417 871 2478; x_wconf 92' lang='lat' dir='ltr'>XL.</span> <span class='ocrx_word' id='word_1_202' title='bbox 930 2416 1144 2502; x_wconf 68' lang='lat' dir='ltr'>Atque</span> <span class='ocrx_word' id='word_1_203' title='bbox 1186 2418 1334 2491; x_wconf 89' lang='lat' dir='ltr'>ille,</span> <span class='ocrx_word' id='word_1_204' title='bbox 1399 2440 1592 2504; x_wconf 84' lang='lat' dir='ltr'>saepe</span> <span class='ocrx_word' id='word_1_205' title='bbox 1645 2416 2296 2483; x_wconf 64' lang='lat' dir='ltr'>domum‘miffitando&#39;</span> <span class='ocrx_word' id='word_1_206' title='bbox 2324 2417 2599 2491; x_wconf 79' lang='lat' dir='ltr'>literas,</span> 
     </span>
     <span class='ocr_line' id='line_1_27' title="bbox 152 2494 2604 2587; baseline 0 -31"><span class='ocrx_word' id='word_1_207' title='bbox 152 2513 167 2520; x_wconf 77' lang='grc'><strong>’</strong></span> <span class='ocrx_word' id='word_1_208' title='bbox 248 2494 532 2566; x_wconf 56' lang='grc' dir='ltr'>Α’Ψῑρῡθ·</span> <span class='ocrx_word' id='word_1_209' title='bbox 614 2498 883 2583; x_wconf 81' lang='lat' dir='ltr'>gratiam</span> <span class='ocrx_word' id='word_1_210' title='bbox 919 2519 1097 2561; x_wconf 89' lang='lat' dir='ltr'>suam</span> <span class='ocrx_word' id='word_1_211' title='bbox 1127 2500 1436 2587; x_wconf 82' lang='lat' dir='ltr'>regisque</span> <span class='ocrx_word' id='word_1_212' title='bbox 1466 2501 1970 2585; x_wconf 82' lang='lat' dir='ltr'>magnitudinem</span> <span class='ocrx_word' id='word_1_213' title='bbox 2000 2499 2367 2564; x_wconf 85' lang='lat' dir='ltr'>extollebat.</span> <span class='ocrx_word' id='word_1_214' title='bbox 2423 2499 2604 2577; x_wconf 81' lang='lat' dir='ltr'>hujus</span> 
     </span>
     <span class='ocr_line' id='line_1_28' title="bbox 166 2579 2600 2662; baseline -0 -24"><span class='ocrx_word' id='word_1_215' title='bbox 166 2613 170 2620; x_wconf 90' lang='lat'>.</span> <span class='ocrx_word' id='word_1_216' title='bbox 613 2583 906 2639; x_wconf 84' lang='lat' dir='ltr'>amicitiam</span> <span class='ocrx_word' id='word_1_217' title='bbox 940 2583 991 2639; x_wconf 81' lang='lat' dir='ltr'>si</span> <span class='ocrx_word' id='word_1_218' title='bbox 1025 2581 1475 2662; x_wconf 81' lang='lat' dir='ltr'>amplecterentur</span> <span class='ocrx_word' id='word_1_219' title='bbox 1497 2626 1516 2657; x_wconf 89' lang='lat'>,</span> <span class='ocrx_word' id='word_1_220' title='bbox 1578 2603 1633 2642; x_wconf 86' lang='lat' dir='ltr'>et</span> <span class='ocrx_word' id='word_1_221' title='bbox 1667 2581 1896 2644; x_wconf 57' lang='lat' dir='ltr'>mulctas</span> <span class='ocrx_word' id='word_1_222' title='bbox 1926 2603 1960 2640; x_wconf 88' lang='lat' dir='ltr'>a</span> <span class='ocrx_word' id='word_1_223' title='bbox 1993 2584 2251 2644; x_wconf 73' lang='lat' dir='ltr'>Romanis</span> <span class='ocrx_word' id='word_1_224' title='bbox 2286 2582 2457 2640; x_wconf 82' lang='lat' dir='ltr'>dictas</span> <span class='ocrx_word' id='word_1_225' title='bbox 2487 2579 2600 2660; x_wconf 80' lang='lat' dir='ltr'>fiz-</span> 
     </span>
     <span class='ocr_line' id='line_1_29' title="bbox 616 2660 2604 2746; baseline -0.002 -26"><span class='ocrx_word' id='word_1_226' title='bbox 616 2680 800 2720; x_wconf 82' lang='lat' dir='ltr'>cturos</span> <span class='ocrx_word' id='word_1_227' title='bbox 833 2660 1008 2731; x_wconf 85' lang='lat' dir='ltr'>lucri,·</span> <span class='ocrx_word' id='word_1_228' title='bbox 1047 2681 1103 2721; x_wconf 79' lang='lat' dir='ltr'>et</span> <span class='ocrx_word' id='word_1_229' title='bbox 1123 2705 1140 2736; x_wconf 91' lang='lat'>,</span> <span class='ocrx_word' id='word_1_230' title='bbox 1187 2663 1432 2742; x_wconf 78' lang='lat' dir='ltr'>restituto</span> <span class='ocrx_word' id='word_1_231' title='bbox 1461 2665 1650 2746; x_wconf 85' lang='lat' dir='ltr'>populi</span> <span class='ocrx_word' id='word_1_232' title='bbox 1674 2666 1916 2744; x_wconf 76' lang='lat' dir='ltr'>imperia,</span> <span class='ocrx_word' id='word_1_233' title='bbox 1964 2667 2198 2722; x_wconf 79' lang='lat' dir='ltr'>maxima</span> <span class='ocrx_word' id='word_1_234' title='bbox 2224 2660 2429 2742; x_wconf 84' lang='lat' dir='ltr'>publice</span> <span class='ocrx_word' id='word_1_235' title='bbox 2467 2663 2604 2739; x_wconf 85' lang='lat' dir='ltr'>pri-</span> 
     </span>
     <span class='ocr_line' id='line_1_30' title="bbox 615 2741 2602 2827; baseline 0.001 -25"><span class='ocrx_word' id='word_1_236' title='bbox 615 2743 889 2822; x_wconf 81' lang='lat' dir='ltr'>vatimque</span> <span class='ocrx_word' id='word_1_237' title='bbox 944 2762 978 2801; x_wconf 87' lang='lat' dir='ltr'>a</span> <span class='ocrx_word' id='word_1_238' title='bbox 1022 2764 1150 2827; x_wconf 83' lang='lat' dir='ltr'>rege·</span> <span class='ocrx_word' id='word_1_239' title='bbox 1193 2764 1418 2805; x_wconf 84' lang='lat' dir='ltr'>munera</span> <span class='ocrx_word' id='word_1_240' title='bbox 1468 2749 1856 2825; x_wconf 81' lang='lat' dir='ltr'>impetraturos</span> <span class='ocrx_word' id='word_1_241' title='bbox 1901 2744 2021 2825; x_wconf 78' lang='lat' dir='ltr'>effi.</span> <span class='ocrx_word' id='word_1_242' title='bbox 2105 2747 2197 2806; x_wconf 87' lang='lat' dir='ltr'>Ita</span> <span class='ocrx_word' id='word_1_243' title='bbox 2239 2741 2602 2805; x_wconf 83' lang='lat' dir='ltr'>leviffimae</span> 
     </span>
     <span class='ocr_line' id='line_1_31' title="bbox 238 2823 2608 2924; baseline 0 -40"><span class='ocrx_word' id='word_1_244' title='bbox 238 2854 268 2862; x_wconf 74' lang='lat'>—</span> <span class='ocrx_word' id='word_1_245' title='bbox 615 2823 791 2908; x_wconf 78' lang='lat' dir='ltr'>parti</span> <span class='ocrx_word' id='word_1_246' title='bbox 827 2825 1053 2921; x_wconf 81' lang='lat' dir='ltr'>populi</span> <span class='ocrx_word' id='word_1_247' title='bbox 1100 2825 1295 2889; x_wconf 87' lang='lat' dir='ltr'>facile</span> <span class='ocrx_word' id='word_1_248' title='bbox 1329 2848 1711 2912; x_wconf 86' lang='lat' dir='ltr'>persuasum</span> <span class='ocrx_word' id='word_1_249' title='bbox 1761 2840 1897 2890; x_wconf 65' lang='lat' dir='ltr'>esta</span> <span class='ocrx_word' id='word_1_250' title='bbox 1975 2840 2044 2890; x_wconf 87' lang='lat' dir='ltr'>et</span> <span class='ocrx_word' id='word_1_251' title='bbox 2090 2847 2286 2924; x_wconf 69' lang='lat' dir='ltr'>quum</span> <span class='ocrx_word' id='word_1_252' title='bbox 2323 2843 2608 2907; x_wconf 86' lang='lat' dir='ltr'>appare-</span> 
     </span>
     <span class='ocr_line' id='line_1_32' title="bbox 558 2905 2609 2996; baseline 0 -32"><span class='ocrx_word' id='word_1_253' title='bbox 558 2993 561 2996; x_wconf 22' lang='lat'>·</span> <span class='ocrx_word' id='word_1_254' title='bbox 619 2920 763 2992; x_wconf 74' lang='lat' dir='ltr'>ret,</span> <span class='ocrx_word' id='word_1_255' title='bbox 829 2905 989 2993; x_wconf 74' lang='lat' dir='ltr'>quid</span> <span class='ocrx_word' id='word_1_256' title='bbox 1027 2908 1550 2981; x_wconf 66' lang='lat' dir='ltr'>esset⁴futurum‚</span> <span class='ocrx_word' id='word_1_257' title='bbox 1596 2908 1974 2995; x_wconf 84' lang='lat' dir='ltr'>optimates,</span> <span class='ocrx_word' id='word_1_258' title='bbox 2021 2929 2133 2993; x_wconf 77' lang='lat' dir='ltr'>qul</span> <span class='ocrx_word' id='word_1_259' title='bbox 2164 2910 2609 2982; x_wconf 82' lang='lat' dir='ltr'>Romanarum</span> 
     </span>
     <span class='ocr_line' id='line_1_33' title="bbox 620 2987 2611 3073; baseline 0.001 -27"><span class='ocrx_word' id='word_1_260' title='bbox 620 2988 901 3070; x_wconf 86' lang='lat' dir='ltr'>partium</span> <span class='ocrx_word' id='word_1_261' title='bbox 967 3004 1184 3062; x_wconf 87' lang='lat' dir='ltr'>erant,</span> <span class='ocrx_word' id='word_1_262' title='bbox 1246 3006 1495 3053; x_wconf 89' lang='lat' dir='ltr'>mature</span> <span class='ocrx_word' id='word_1_263' title='bbox 1549 2987 1982 3060; x_wconf 80' lang='lat' dir='ltr'>excess&#39;erunt:</span> <span class='ocrx_word' id='word_1_264' title='bbox 2058 3011 2202 3052; x_wconf 89' lang='lat' dir='ltr'>cum</span> <span class='ocrx_word' id='word_1_265' title='bbox 2253 2987 2487 3073; x_wconf 87' lang='lat' dir='ltr'>quibus</span> <span class='ocrx_word' id='word_1_266' title='bbox 2532 3003 2611 3048; x_wconf 85' lang='lat' dir='ltr'>et</span> 
     </span>
    </p>

    <p class='ocr_par' dir='ltr' id='par_1_7' title="bbox 242 3068 2619 3565">
     <span class='ocr_line' id='line_1_34' title="bbox 624 3068 2428 3156; baseline 0.001 -26"><span class='ocrx_word' id='word_1_267' title='bbox 624 3068 938 3153; x_wconf 79' lang='lat' dir='ltr'>princeps</span> <span class='ocrx_word' id='word_1_268' title='bbox 978 3072 1583 3150; x_wconf 36' lang='lat' dir='ltr'>AcademiaefPhilo</span> <span class='ocrx_word' id='word_1_269' title='bbox 1625 3075 1891 3136; x_wconf 85' lang='lat' dir='ltr'>Romam</span> <span class='ocrx_word' id='word_1_270' title='bbox 1921 3071 2268 3156; x_wconf 83' lang='lat' dir='ltr'>&#39;profectus</span> <span class='ocrx_word' id='word_1_271' title='bbox 2305 3082 2428 3132; x_wconf 84' lang='lat' dir='ltr'>est.</span> 
     </span>
     <span class='ocr_line' id='line_1_35' title="bbox 296 3150 2611 3252; baseline 0 -41"><span class='ocrx_word' id='word_1_272' title='bbox 296 3185 400 3252; x_wconf 56' lang='lat' dir='ltr'>qm·</span> <span class='ocrx_word' id='word_1_273' title='bbox 422 3167 601 3239; x_wconf 49' lang='lat' dir='ltr'>&#39;Jun—</span> <span class='ocrx_word' id='word_1_274' title='bbox 751 3153 915 3213; x_wconf 83' lang='lat' dir='ltr'>XLt.</span> <span class='ocrx_word' id='word_1_275' title='bbox 956 3154 1221 3222; x_wconf 84' lang='lat' dir='ltr'>Interim</span> <span class='ocrx_word' id='word_1_276' title='bbox 1279 3152 1517 3216; x_wconf 78' lang='lat' dir='ltr'>Aristio</span> <span class='ocrx_word' id='word_1_277' title='bbox 1574 3174 1716 3218; x_wconf 85' lang='lat' dir='ltr'>cum</span> <span class='ocrx_word' id='word_1_278' title='bbox 1779 3176 1999 3228; x_wconf 83' lang='lat' dir='ltr'>sacra,</span> <span class='ocrx_word' id='word_1_279' title='bbox 2092 3174 2255 3235; x_wconf 88' lang='lat' dir='ltr'>quae</span> <span class='ocrx_word' id='word_1_280' title='bbox 2303 3152 2373 3215; x_wconf 88' lang='lat' dir='ltr'>in</span> <span class='ocrx_word' id='word_1_281' title='bbox 2428 3150 2611 3212; x_wconf 88' lang='lat' dir='ltr'>Delo</span> 
     </span>
     <span class='ocr_line' id='line_1_36' title="bbox 242 3230 2616 3321; baseline -0.001 -28"><span class='ocrx_word' id='word_1_282' title='bbox 242 3253 601 3321; x_wconf 39' lang='lat' dir='ltr'>,ulamma</span> <span class='ocrx_word' id='word_1_283' title='bbox 624 3230 872 3303; x_wconf 65' lang='lat' dir='ltr'>suerat,</span> <span class='ocrx_word' id='word_1_284' title='bbox 936 3236 1249 3319; x_wconf 85' lang='lat' dir='ltr'>pecunia,</span> <span class='ocrx_word' id='word_1_285' title='bbox 1319 3249 1386 3296; x_wconf 91' lang='lat' dir='ltr'>et</span> <span class='ocrx_word' id='word_1_286' title='bbox 1416 3235 1691 3299; x_wconf 86' lang='lat' dir='ltr'>duorum</span> <span class='ocrx_word' id='word_1_287' title='bbox 1722 3237 1993 3303; x_wconf 86' lang='lat' dir='ltr'>millium</span> <span class='ocrx_word' id='word_1_288' title='bbox 2038 3236 2315 3298; x_wconf 88' lang='lat' dir='ltr'>militum</span> <span class='ocrx_word' id='word_1_289' title='bbox 2351 3232 2616 3317; x_wconf 81' lang='lat' dir='ltr'>pr&#39;aesi-</span> 
     </span>
     <span class='ocr_line' id='line_1_37' title="bbox 632 3311 2612 3402; baseline 0 -28"><span class='ocrx_word' id='word_1_290' title='bbox 632 3311 742 3374; x_wconf 81' lang='lat' dir='ltr'>dio</span> <span class='ocrx_word' id='word_1_291' title='bbox 760 3350 779 3388; x_wconf 90' lang='lat'>·,</span> <span class='ocrx_word' id='word_1_292' title='bbox 905 3316 1034 3377; x_wconf 89' lang='lat' dir='ltr'>uod</span> <span class='ocrx_word' id='word_1_293' title='bbox 1076 3317 1434 3380; x_wconf 86' lang='lat' dir='ltr'>Archelaus</span> <span class='ocrx_word' id='word_1_294' title='bbox 1476 3316 1879 3402; x_wconf 83' lang='lat' dir='ltr'>adjunxerat,</span> <span class='ocrx_word' id='word_1_295' title='bbox 1957 3317 2242 3382; x_wconf 83' lang='lat' dir='ltr'>Athenas</span> <span class='ocrx_word' id='word_1_296' title='bbox 2281 3315 2551 3378; x_wconf 87' lang='lat' dir='ltr'>rediens</span> <span class='ocrx_word' id='word_1_297' title='bbox 2589 3357 2612 3387; x_wconf 92' lang='lat'>,</span> 
     </span>
     <span class='ocr_line' id='line_1_38' title="bbox 629 3336 2619 3483; baseline -0.002 -23"><span class='ocrx_word' id='word_1_298' title='bbox 629 3336 998 3479; x_wconf 52' lang='lat' dir='ltr'>tempeiiate</span> <span class='ocrx_word' id='word_1_299' title='bbox 1036 3395 1340 3480; x_wconf 78' lang='lat' dir='ltr'>abreptus</span> <span class='ocrx_word' id='word_1_300' title='bbox 1384 3399 1552 3482; x_wconf 88' lang='lat' dir='ltr'>apud</span> <span class='ocrx_word' id='word_1_301' title='bbox 1600 3398 1906 3481; x_wconf 78' lang='lat' dir='ltr'>Carystius</span> <span class='ocrx_word' id='word_1_302' title='bbox 1948 3401 2214 3483; x_wconf 86' lang='lat' dir='ltr'>appulit.</span> <span class='ocrx_word' id='word_1_303' title='bbox 2299 3399 2444 3459; x_wconf 87' lang='lat' dir='ltr'>Hoc</span> <span class='ocrx_word' id='word_1_304' title='bbox 2492 3395 2619 3456; x_wconf 84' lang='lat' dir='ltr'>uhi</span> 
     </span>
     <span class='ocr_line' id='line_1_39' title="bbox 629 3476 2617 3565; baseline -0.001 -27"><span class='ocrx_word' id='word_1_305' title='bbox 629 3480 875 3563; x_wconf 86' lang='lat' dir='ltr'>populo</span> <span class='ocrx_word' id='word_1_306' title='bbox 924 3479 1307 3558; x_wconf 83' lang='lat' dir='ltr'>Atheniensi</span> <span class='ocrx_word' id='word_1_307' title='bbox 1352 3494 1789 3565; x_wconf 79' lang='lat' dir='ltr'>compertum,</span> <span class='ocrx_word' id='word_1_308' title='bbox 1854 3483 2084 3565; x_wconf 85' lang='lat' dir='ltr'>longae</span> <span class='ocrx_word' id='word_1_309' title='bbox 2133 3500 2331 3543; x_wconf 83' lang='lat' dir='ltr'>naves</span> <span class='ocrx_word' id='word_1_310' title='bbox 2376 3478 2456 3540; x_wconf 89' lang='lat' dir='ltr'>ad</span> <span class='ocrx_word' id='word_1_311' title='bbox 2490 3476 2617 3538; x_wconf 80' lang='lat' dir='ltr'>de·-</span> 
     </span>
    </p>
   </div>
   <div class='ocr_carea' id='block_1_7' title="bbox 554 3559 2621 3708">
    <p class='ocr_par' dir='ltr' id='par_1_8' title="bbox 554 3559 2621 3708">
     <span class='ocr_line' id='line_1_40' title="bbox 554 3559 2621 3708; baseline 0.003 -90"><span class='ocrx_word' id='word_1_312' title='bbox 554 3559 996 3708; x_wconf 47' lang='lat' dir='ltr'>..gulpemaelm</span> <span class='ocrx_word' id='word_1_313' title='bbox 1051 3582 1197 3628; x_wconf 86' lang='lat' dir='ltr'>eum</span> <span class='ocrx_word' id='word_1_314' title='bbox 1244 3562 1619 3639; x_wconf 84' lang='lat' dir='ltr'>mittuntur,</span> <span class='ocrx_word' id='word_1_315' title='bbox 1719 3575 1884 3649; x_wconf 78' lang='lat' dir='ltr'>cum&#39;</span> <span class='ocrx_word' id='word_1_316' title='bbox 1921 3564 2079 3628; x_wconf 82' lang='lat' dir='ltr'>sella</span> <span class='ocrx_word' id='word_1_317' title='bbox 2131 3561 2461 3649; x_wconf 85' lang='lat' dir='ltr'>argenteis</span> <span class='ocrx_word' id='word_1_318' title='bbox 2490 3580 2621 3646; x_wconf 86' lang='lat' dir='ltr'>pe·-</span> 
     </span>
     <span class='ocr_line' id='line_1_41' title="bbox 677 3657 1042 3708; baseline -0.011 0"><span class='ocrx_word' id='word_1_319' title='bbox 677 3666 699 3708; x_wconf 72' lang='lat'>1</span> <span class='ocrx_word' id='word_1_320' title='bbox 748 3665 821 3705; x_wconf 75' lang='lat' dir='ltr'>us</span> <span class='ocrx_word' id='word_1_321' title='bbox 959 3657 1042 3705; x_wconf 70' lang='lat' dir='ltr'>ta·</span> 
     </span>
    </p>
   </div>
   <div class='ocr_carea' id='block_1_8' title="bbox 628 3845 2617 4004">
    <p class='ocr_par' dir='ltr' id='par_1_9' title="bbox 628 3845 2617 4004">
     <span class='ocr_line' id='line_1_42' title="bbox 698 3845 2617 3921; baseline 0.003 -22"><span class='ocrx_word' id='word_1_322' title='bbox 698 3845 845 3914; x_wconf 82' lang='lat' dir='ltr'>Cap.</span> <span class='ocrx_word' id='word_1_323' title='bbox 860 3848 1174 3902; x_wconf 81' lang='lat' dir='ltr'>XXXVIII.</span> <span class='ocrx_word' id='word_1_324' title='bbox 1193 3848 1344 3901; x_wconf 90' lang='lat' dir='ltr'>Plut.</span> <span class='ocrx_word' id='word_1_325' title='bbox 1361 3850 1662 3904; x_wconf 87' lang='lat' dir='ltr'>Memnon.</span> <span class='ocrx_word' id='word_1_326' title='bbox 1675 3851 1918 3904; x_wconf 83' lang='lat' dir='ltr'>Pausan.</span> <span class='ocrx_word' id='word_1_327' title='bbox 1933 3850 2149 3907; x_wconf 84' lang='lat' dir='ltr'>Lacon.</span> <span class='ocrx_word' id='word_1_328' title='bbox 2167 3849 2217 3905; x_wconf 71' lang='lat' dir='ltr'>A</span> <span class='ocrx_word' id='word_1_329' title='bbox 2256 3845 2420 3921; x_wconf 83' lang='lat' dir='ltr'>pian.</span> <span class='ocrx_word' id='word_1_330' title='bbox 2459 3846 2617 3919; x_wconf 84' lang='lat' dir='ltr'>Cap.</span> 
     </span>
     <span class='ocr_line' id='line_1_43' title="bbox 628 3915 2615 4004; baseline 0.003 -36"><span class='ocrx_word' id='word_1_331' title='bbox 628 3915 879 3972; x_wconf 80' lang='lat' dir='ltr'>XXXIX.</span> <span class='ocrx_word' id='word_1_332' title='bbox 903 3915 1177 3974; x_wconf 84' lang='lat' dir='ltr'>Posidon.</span> <span class='ocrx_word' id='word_1_333' title='bbox 1197 3918 1352 4004; x_wconf 73' lang='lat' dir='ltr'>apud</span> <span class='ocrx_word' id='word_1_334' title='bbox 1371 3918 1586 3974; x_wconf 82' lang='lat' dir='ltr'>Athen.</span> <span class='ocrx_word' id='word_1_335' title='bbox 1610 3919 1664 3973; x_wconf 80' lang='lat'>5.</span> <span class='ocrx_word' id='word_1_336' title='bbox 1690 3920 1767 3974; x_wconf 76' lang='lat'>13.</span> <span class='ocrx_word' id='word_1_337' title='bbox 1789 3917 1837 3974; x_wconf 77' lang='lat' dir='ltr'>A</span> <span class='ocrx_word' id='word_1_338' title='bbox 1881 3919 2041 3990; x_wconf 85' lang='lat' dir='ltr'>pian.</span> <span class='ocrx_word' id='word_1_339' title='bbox 2060 3919 2194 3974; x_wconf 87' lang='lat' dir='ltr'>Posi</span> <span class='ocrx_word' id='word_1_340' title='bbox 2240 3936 2337 3972; x_wconf 83' lang='lat' dir='ltr'>on.</span> <span class='ocrx_word' id='word_1_341' title='bbox 2355 3919 2615 3974; x_wconf 82' lang='lat' dir='ltr'>Pausan.</span> 
     </span>
    </p>
   </div>
   <div class='ocr_carea' id='block_1_9' title="bbox 628 3982 2616 4128">
    <p class='ocr_par' dir='ltr' id='par_1_10' title="bbox 628 3982 2616 4128">
     <span class='ocr_line' id='line_1_44' title="bbox 628 3982 2616 4065; baseline 0.007 -29"><span class='ocrx_word' id='word_1_342' title='bbox 628 3982 739 4038; x_wconf 71' lang='lat' dir='ltr'>La.</span> <span class='ocrx_word' id='word_1_343' title='bbox 769 4051 783 4064; x_wconf 35' lang='lat'><em>⁶</em></span> <span class='ocrx_word' id='word_1_344' title='bbox 803 3984 1077 4054; x_wconf 78' lang='lat' dir='ltr'>Gap.XL.</span> <span class='ocrx_word' id='word_1_345' title='bbox 1120 3986 1389 4043; x_wconf 74' lang='lat' dir='ltr'>Posiden.</span> <span class='ocrx_word' id='word_1_346' title='bbox 1419 3988 1670 4046; x_wconf 82' lang='lat' dir='ltr'>Pausan.</span> <span class='ocrx_word' id='word_1_347' title='bbox 1702 3987 1826 4045; x_wconf 83' lang='lat' dir='ltr'>Cic.</span> <span class='ocrx_word' id='word_1_348' title='bbox 1898 3998 2054 4058; x_wconf 86' lang='lat' dir='ltr'>ruto,</span> <span class='ocrx_word' id='word_1_349' title='bbox 2087 4005 2138 4045; x_wconf 80' lang='lat' dir='ltr'>c.</span> <span class='ocrx_word' id='word_1_350' title='bbox 2154 3988 2246 4065; x_wconf 83' lang='lat'>89.</span> <span class='ocrx_word' id='word_1_351' title='bbox 2297 3989 2438 4061; x_wconf 82' lang='lat' dir='ltr'>cap.</span> <span class='ocrx_word' id='word_1_352' title='bbox 2458 3987 2616 4049; x_wconf 80' lang='lat' dir='ltr'>XLI.</span> 
     </span>
     <span class='ocr_line' id='line_1_45' title="bbox 630 4051 2168 4128; baseline 0.008 -21"><span class='ocrx_word' id='word_1_353' title='bbox 630 4051 885 4128; x_wconf 68' lang='lat' dir='ltr'>Appiani.</span> <span class='ocrx_word' id='word_1_354' title='bbox 922 4052 1193 4113; x_wconf 80' lang='lat' dir='ltr'>Posidon.</span> <span class='ocrx_word' id='word_1_355' title='bbox 1535 4091 1576 4109; x_wconf 60' lang='grc' dir='ltr'><em>ο</em></span> <span class='ocrx_word' id='word_1_356' title='bbox 2161 4083 2168 4084; x_wconf 55' lang='grc'><em>’</em></span> 
     </span>
    </p>
   </div>
  </div>
 </body>
</html>
