2717 4667
555 203 645 269 m
688 202 990 268 LOCUM
1030 202 1195 267 Lm.
1234 195 1461 269 xcm.
1504 202 1735 275 mvn.
1802 203 1807 206 ·
2015 167 2159 310 δέ»
2224 241 2229 248 ι

184 413 309 474 rins
343 412 715 496 putabatur,
761 413 1033 476 maxime
1068 410 1397 498 postquam
1431 417 1548 478 Cn.
1568 416 1868 500 Pompeii
1900 413 2153 479 adltttae
2215 414 2283 470 U·
2317 432 2369 468 Β·
2396 413 2527 483 673·

181 497 394 557 literae
425 510 624 578 eunt,
687 498 755 560 in
793 498 958 558 hanc
995 497 1377 558 seutentiam
1416 500 1736 582 scriptae:
1786 502 1859 577 *Si
1893 500 2155 582 adversus
2214 485 2287 541 A·
2323 487 2393 542 C·
2418 491 2511 555 74·

182 599 293 651 vos,
331 583 668 657 patriamque
686 622 704 654 ‚
748 600 803 639 et
836 581 989 640 Deos
1024 581 1278 651 Penates,
1324 585 1523 640 totiens
1563 581 1776 641 labores
1818 600 1874 641 et
1909 581 2158 661 pericula

174 657 492 743 suscepiffi’m
510 697 527 731 ,
590 665 834 740 quotiens
883 679 917 718 a
963 663 1146 741 prima
1195 658 1550 741 adolescentia
1603 664 1772 722 ductu
1826 682 1939 722 meo
1979 663 2152 745 scele-
2220 663 2225 670 '

172 738 366 821 sttffimi
405 740 573 816 hostes
600 740 758 823 fust,
819 761 873 802 et
913 740 1064 801 vobis
1091 739 1249 823 salus
1288 743 1524 824 quaesita
1565 742 1639 820 est
1658 762 1681 804 .·
1741 743 1880 804 nihil
1921 745 2153 825 amplius
2186 775 2193 782 -

182 830 233 885 in
267 820 530 902 absentem
570 844 652 881 me
678 821 1002 905 statuiffetis
1019 861 1038 898 ‚
1104 839 1263 904 quam
1305 823 1478 885 adhuc
1517 828 1680 908 agitis
1701 864 1718 897 ,
1782 826 1981 885 Patres
2025 845 2152 886 con-
2190 895 2193 898 ¹

172 905 394 989 firipti3
458 924 611 984 quem
666 924 855 966 contra
909 924 1138 964 aetatem
1186 903 1491 984 projectum
1545 908 1620 966 ad
1668 905 1868 967 bellum
1904 903 2157 989 fheviffi·

180 1008 310 1048 mum
330 1026 348 1059 ,
419 999 541 1046 cum
593 992 835 1050 exercitu
889 990 1084 1067 optime
1139 987 1334 1045 merito
1354 1024 1373 1060 ,
1437 1007 1699 1068 quantum
1741 987 1815 1067 cst
1864 993 1925 1051 in
1964 989 2112 1049 vobis
2129 1029 2152 1064 ,

167 1069 307 1152 fhme
320 1115 339 1144 ‚
400 1066 705 1147 nnserrima
739 1072 976 1128 omnium
1015 1087 1232 1141 morte,
1298 1068 1615 1152 confecistis.
1716 1071 1840 1131 Hac
1883 1070 2022 1130 enim
2055 1069 2157 1152 spe

170 1150 391 1233 populus
424 1149 701 1209 Romanus
735 1148 1084 1293 liberosfsttos
1118 1149 1194 1210 ad
1224 1141 1423 1209 bellum
1454 1149 1639 1231 mifit?
1681 1152 1805 1213 haec
1820 1150 1959 1235 fimt
1985 1165 2157 1233 prae-

174 1237 271 1293 mia
308 1250 412 1311 pro
446 1230 781 1306 vulneribus,
827 1254 910 1310 et=
951 1236 1125 1292 otiem
1162 1230 1229 1293 ob
1269 1230 1650 1312 rempublicam
1677 1234 1812 1317 fi‘fi'
1845 1234 2109 1317 fhnguine
2125 1234 2155 1294 ἓ

176 1311 347 1393 Feffits
378 1312 672 1393 scribundo
692 1356 710 1389 ,
775 1313 1148 1395 mittundoque
1199 1309 1403 1393 legatos
1424 1353 1443 1387 ,
1512 1335 1692 1376 omnes
1753 1333 1876 1397 opes
1900 1325 1983 1377 ‘et
2029 1312 2157 1397 spes

173 1406 409 1478 privatas
443 1415 584 1455 meas
615 1392 928 1478 consumpsi:
986 1416 1150 1476 quum
1185 1398 1414 1458 interim
1457 1416 1489 1454 a
1528 1396 1679 1457 vobis
1718 1411 1808 1479 per
1857 1400 2158 1458 triennium

174 1482 263 1538 vix
297 1498 511 1538 annuus
541 1475 793 1558 fitmptus
831 1482 994 1536 datus
1036 1477 1128 1556 est.
1215 1476 1330 1535 Per
1359 1475 1514 1538 Deos
1545 1477 1879 1540 immortales
1898 1481 1926 1539 ,Ι
1966 1496 2158 1537 utrum

171 1559 380 1641 cenfi’tis
432 1580 515 1618 me
566 1562 731 1619 vicem
786 1563 991 1619 aerarii
1038 1556 1314 1641 praestare
1334 1594 1353 1632 ,
1414 1578 1487 1621 an
1526 1564 1826 1621 exercitum
1863 1556 1985 1643 st‘ne
2008 1558 2156 1644 fru-

168 1661 335 1702 mento
377 1659 433 1701 et
464 1640 735 1722 stipendio
778 1640 971 1702 habere
1003 1638 1145 1723 pff
1160 1639 1191 1699 ?

280 1771 516 1833 XXXI.
562 1771 832 1854 Equidem
851 1771 1067 1855 fhteor,
1112 1787 1195 1833 me
1232 1768 1309 1835 ad
1347 1769 1444 1837 boc
1481 1766 1680 1837 bellum
1714 1768 1920 1854 mcnjore
1936 1727 2149 1854 studio,
2215 1775 2327 1835 Sua
2355 1781 2500 1850 gesta

166 1874 317 1935 quam
355 1854 568 1936 consilio
586 1894 603 1927 ,
663 1854 999 1936 profectum3
1046 1858 1261 1996 dquippe
1297 1860 1430 1938 qui,
1489 1857 1701 1918 nomine
1741 1856 1896 1916 modo
1937 1861 2153 1939 imperii
2176 1856 2489 1923 ”Cimbru-

166 1957 196 1993 α
229 1936 382 1998 vobis
421 1953 632 2016 accepto
649 1977 666 2008 ,
711 1936 899 1997 diebus
975 1956 1045 1996 ua
1087 1957 1305 2019 ragtnta
1348 1941 1646 1999 exercitum
1682 1939 1914 2020 paravi3
1953 1939 2153 2018 hostes·

166 2040 256 2100 que
274 2060 291 2093 ,
338 2022 401 2077 in
441 2018 738 2079 cervicibus
761 2019 890 2097 jam
959 2018 1125 2078 taliae
1163 2038 1379 2101 agentes
1396 2060 1415 2094 ‚
1468 2018 1535 2080 ab
1568 2020 1802 2102 Alpibus
1841 2023 1901 2081 in
1943 2020 2151 2103 Hispa.

164 2107 299 2163 niam
328 2098 612 2181 submovi:
653 2117 755 2181 per
792 2121 881 2159 eas
919 2104 1031 2160 iter
1069 2099 1227 2161 aliud
1243 2140 1261 2176 ,
1307 2120 1369 2161 at
1439 2124 1468 2161 e
1510 2099 1814 2174 Hannibal,
1860 2099 2015 2163 uobis
2051 2122 2150 2186 op.

158 2181 454 2266 por-tunius
492 2181 720 2265 patefeci
740 2206 758 2243 .·
817 2184 991 2263 recepi
1035 2180 1310 2258 Galliam,
1360 2122 1700 2261 greuaeum
1713 2224 1732 2258 ,
1779 2184 2146 2261 lacetauiam.

164 2266 454 2347 Ilergetes.-
503 2283 557 2324 et
592 2266 833 2346 primum
871 2268 1127 2346 impetum
1154 2264 1392 2325 Sertorii
1432 2267 1658 2327 victoris
1679 2306 1696 2340 ,
1741 2265 1896 2326 novis
1933 2266 2152 2347 quidem

161 2344 442 2420 militibus,
490 2367 546 2406 et
586 2345 756 2405 multo
793 2345 1157 2425 paucioribus,
1193 2344 1431 2429 sustinui
1447 2367 1467 2408 .·
1507 2346 1830 2430 hiememque
1865 2350 1927 2409 in
1959 2346 2148 2426 castris

159 2432 303 2489 iuter
333 2418 667 2509 saeviffimos
704 2427 871 2507 hostes
885 2468 904 2502 ,
963 2447 1072 2488 non
1111 2444 1211 2507 per
1249 2430 1448 2510 oppida
1463 2468 1483 2504 ‚
1548 2447 1716 2510 neque
1752 2449 1822 2489 ex
1862 2427 2150 2493 ambitione

160 2531 266 2571 mea
288 2551 305 2582 ,
376 2514 481 2592 egi.
565 2507 728 2592 Qid
782 2510 910 2571 dein
960 2507 1173 2591 proelia
1190 2549 1211 2584 ,
1275 2528 1376 2570 aut
1434 2510 1801 2592 expeditiones
1854 2507 2107 2573 hibernas
2124 2551 2147 2589 ,

158 2591 351 2674 oppida
392 2589 590 2673 exsciJa
631 2608 728 2650 aut
766 2613 857 2652 rec
920 2611 978 2651 ta
1015 2610 1315 2652 enumerem
1330 2592 1358 2650 ,2
1402 2592 1615 2673 quando
1656 2611 1745 2653 res
1773 2592 1905 2674 plus
1937 2594 2146 2670 valent,

260 2692 314 2733 m
350 2672 541 2736 verba.
635 2671 828 2752 Castra
856 2608 1091 2751 {ostium
1131 2674 1280 2755 apud
1315 2673 1605 2735 Sucronem
1646 2693 1705 2734 ca
1742 2694 1801 2734 ta
1817 2716 1836 2750 ,
1890 2694 1946 2735 et
1986 2691 2149 2758 proe-

180 2761 285 2816 ium
327 2754 480 2834 apud
507 2751 722 2834 flumen
749 2756 1020 2830 Durium,
1065 2773 1120 2815 et
1159 2754 1279 2828 dux
1316 2753 1543 2834 hostium
1590 2756 1658 2818 C.
1751 2761 2000 2818 erennius
2030 2776 2154 2820 cum

158 2837 285 2897 urbe
333 2836 591 2898 Valentia
629 2856 685 2896 et
724 2841 968 2907 exercitu
1009 2835 1211 2910 deleti,
1246 2837 1392 2920 satis
1433 2837 1586 2898 clara
1623 2837 1772 2898 vobis
1801 2838 1966 2920 sunt.
2033 2840 2152 2901 Pro

158 2924 275 3001 quis
297 2960 316 2994 ,
331 2936 344 2942 ‘
384 2940 415 2977 o
447 2921 605 3001 grati
650 2917 852 2978 Patres
873 2959 892 2991 ‚
958 2916 1235 3001 egestatem
1276 2938 1332 2978 et
1357 2918 1567 3001 fhmem
1609 2920 1868 2983 redditis.
1955 2923 2154 3002 Itaque

159 3022 264 3062 meo
303 3020 366 3061 et
403 3000 630 3079 hostium
671 3002 936 3061 exercitui
971 3018 1081 3081 par
1123 2997 1359 3060 conditio
1402 3000 1497 3078 est.
1564 3021 1791 3086 namque
1816 3003 2153 3086 stipendium

156 3087 341 3145 neum·
377 3083 585 3142 datur:
640 3085 817 3142 victor
856 3100 1084 3164 uterque
1126 3085 1186 3142 iu
1223 3080 1450 3143 Italiam
1490 3086 1678 3143 venire
1710 3084 1903 3166 potest.

269 3213 543 3277 XXXII.
601 3209 775 3309 ‚Quod
814 3224 907 3296 ego
947 3233 1043 3275 vos
1083 3227 1265 3274 moneo
1307 3210 1597 3311 q'uctefitque
1615 3254 1634 3289 ,
1698 3233 1764 3275 ut
1804 3213 2154 3278 animadver-
2188 3295 2197 3302 ,

155 3301 285 3358 tatis
307 3338 326 3371 ,
416 3317 521 3357 neu
589 3314 790 3379 cogatis
858 3292 1046 3373 neceffi
1050 3294 1253 3357 tatibus
1321 3300 1590 3377 privatim
1662 3297 1794 3358 mihi
1859 3296 2151 3380 consulere.

154 3379 482 3460 Hispaniam
522 3380 831 3438 citeriorem
854 3418 872 3449 ,
916 3397 1051 3457 quae
1090 3397 1199 3438 non
1238 3376 1304 3439 ab
1345 3376 1580 3457 hostibus
1623 3396 1841 3439 tenetur
1855 3421 1874 3453 ‚
1919 3400 2016 3439 nos
2057 3395 2156 3440 aut

151 3461 440 3521 Sertorius
482 3460 557 3519 ad
597 3463 1013 3524 internecionem
1051 3458 1411 3537 vastavimus:
1464 3476 1691 3540 praeter
1731 3465 2033 3521 maritimas
2074 3464 2159 3522 ci-

149 3545 355 3602 vitates
378 3584 396 3615 ‚
439 3560 576 3622 quae
616 3539 769 3600 ultro
812 3539 964 3602 nobis
985 3539 1243 3623 *sumptui
1283 3544 1558 3621 onerique.
1648 3540 1838 3602 Gallia
1866 3543 2159 3623 superiore

53 3633 54 3660 ³
147 3642 290 3683 auno
334 3621 570 3684 Metelli
611 3623 912 3681 exercitum
939 3622 1214 3704 stipendio
1239 3622 1636 3705 frumentoque
1677 3617 1860 3684 aluit:
1919 3643 1975 3684 et
2013 3643 2158 3684 nunc

53 3687 54 3714 ³
150 3704 310 3765 malis
356 3703 649 3786 fructibus
703 3700 818 3783 ipfiz
866 3707 975 3763 ‘vix
1032 3707 1228 3786 agitat.
1314 3705 1434 3787 Ego
1491 3725 1599 3765 non
1656 3713 1773 3765 re‘m
1816 3701 2160 3788 familiarem

53 3783 54 3790 ’
149 3786 306 3847 modo
328 3829 347 3860 ,
413 3804 605 3850 verum
662 3788 824 3845 etiam
873 3780 1046 3863 fidem
1069 3826 1089 3861 ,
1158 3782 1465 3867 conficmpfi'.
1570 3781 1805 3868 Reliqui
1848 3807 1944 3848 vos
1999 3785 2158 3865 estis:

148 3872 241 3946 qui
281 3863 397 3949 mfi
418 3866 728 3950 Jubvenitis
753 3906 770 3939 ,
841 3869 1017 3928 invito
1058 3884 1112 3929 et
1150 3865 1495 3949 praedicente
1533 3888 1618 3932 me
1638 3905 1658 3944 ,
1729 3872 2001 3932 exercitus
2038 3868 2155 3942 hic,

216 4102 373 4176 Cap.
412 4101 587 4159 XXX.
629 4099 774 4159 San.
801 4097 942 4157 nist.
971 4098 1029 4158 3.

249 4189 580 4265 Supplem.
609 4190 740 4251 Liv.
769 4186 1143 4250 Tam-XIII.
1706 4173 1774 4249 Χ

2536 725 2569 752 Χ
