2717 4667
423 335 435 343 ,
536 255 682 334 x400
723 271 732 288 ·
786 240 1187 309 rnamsn.
1209 235 2049 310 surrLsuENrome
2080 239 2230 301 Lm.
2256 235 2469 302 Lxm.

339 474 390 510 c·
412 453 835 527 68⁸·'nuill'et‚
888 470 1081 535 quam
1115 464 1190 513 ut
1226 464 1567 514 erecturus
1601 446 1982 537 prostratum
2018 446 2369 530 idem'ipse
2403 443 2530 508 dis·
2670 495 2671 498 η

347 527 415 582 0·
446 541 538 604 79·
565 538 812 602 crimen
844 534 1091 611 adiret3
1138 551 1457 612 occupare
1501 533 1640 614 ejus
1677 530 2025 610 adventum
2060 526 2430 614 proposuit,
2473 541 2535 589 et
2652 561 2659 570 ·

485 671 498 682 ,
564 622 739 683 ultro
774 617 844 677 in
879 613 1249 677 Armeniam
1287 615 1679 699 procedere.
1779 614 2228 678 Gravabantur
2266 612 2537 684 milites,

565 698 810 784 alioqui
849 698 997 781 plus
1041 717 1248 782 aequo
1285 696 1681 771 turbulenti,
1737 696 1807 757 in
1847 694 2188 792 regionem
2220 691 2539 768 hostilem,

566 795 928 869 gentesque
975 777 1351 850 bellicosas,
1400 793 1467 841 et
1504 776 1962 841 innumerabili
1996 775 2284 861 equitatu
2319 773 2544 837 instru-

567 875 736 937 ctas,
802 859 1171 958 terramque
1222 858 1411 922 vastis
1467 860 1760 923 amnibus
1813 873 1880 921 et
1928 857 2180 921 nivosis
2222 858 2546 921 montibus

201 961 230 995 ί
572 959 854 1042 septam,
901 964 1113 1027 sequi.
1194 944 1439 1005 Romae
1485 963 1744 1029 quoque
1779 963 1816 1003 a
1847 941 2128 1004 tribunis
2160 937 2374 1022 plebis
2402 959 2549 1004 con·
2670 969 2675 1248 1

243 455 311 512 U.

241 526 314 582 A.

576 1030 792 1092 silium
825 1024 1240 1108 imperatoris
1277 1025 1703 1109 carpebatur,
1761 1024 2019 1084 hominem
2053 1027 2267 1102 imperii
2307 1043 2361 1082 et
2398 1042 2549 1106 opum

574 1112 827 1190 cupidum
859 1106 1000 1166 bella
1026 1107 1215 1189 Jbrere
1252 1128 1321 1166 ex
1354 1109 1543 1181 bellis,
1603 1128 1667 1167 ut
1696 1104 1907 1188 publico
1939 1104 2180 1186 periculo
2206 1107 2450 1185 privatis
2480 1104 2551 1163 li.

575 1190 851 1252 bidinibus
886 1186 1268 1271 letisfhceret,
1328 1187 1649 1251 invidiose
1695 1187 2171 1286 querentibus.'
2230 1186 2365 1250 Sed
2402 1186 2551 1260 ille,

577 1272 844 1357 placatis
895 1283 1242 1353 utcumque
1292 1272 1644 1344 militibus,
1705 1293 1775 1332 m
1821 1268 2294 1369 Cappadociam
2343 1268 2555 1348 duxit,

577 1367 650 1415 ut
693 1352 817 1425 ibi,
877 1352 1341 1414 Ariobarzanis
1400 1353 1632 1437 opibus
1687 1353 2094 1436 amicitiaque
2142 1351 2557 1435 apparandis,
2676 1427 2677 1438 ἵ

577 1455 744 1522 quae
784 1433 945 1496 *usus
1001 1433 1159 1496 belli
1210 1435 1604 1517 poscebant3
1662 1432 2069 1507 instructior,
2116 1433 2231 1495 ubi
2284 1434 2562 1517 primum

580 1531 836 1601 tempus
877 1517 1030 1577 anni
1063 1530 1431 1600 pateretur,
1477 1515 1871 1601 Euphratem
1900 1514 2421 1579 transcenderet.

251 1632 562 1702 Tristiacaens
709 1623 1001 1688 xxvm.
1069 1623 1216 1689 Hoc
1268 1639 1439 1683 anno
1486 1619 1732 1684 tristem
1784 1623 1854 1700 in
1901 1623 2064 1706 urbe
2116 1620 2454 1685 censuram
2492 1622 2564 1685 L.
2676 1667 2677 1690 η

206 1721 371 1763 sura.
587 1706 844 1768 Gellius
881 1704 1256 1789 Poplicola,
1318 1705 1818 1767 Cn..Cornelius
1859 1706 2175 1768 Lentulus
2220 1704 2567 1767 Clodianus
2676 1709 2677 1744 l

588 1800 884 1872 egerunt,
931 1801 1208 1870 quatuor
1239 1800 1306 1849 et
1340 1787 1673 1870 sexaginta
1706 1800 1931 1849 senatu
1965 1787 2180 1850 motis.
2266 1787 2478 1849 In‘his
2511 1798 2572 1849 et

589 1871 663 1933 C.
714 1868 1039 1932 Antonius
1088 1867 1252 1944 fuit,
1313 1872 1521 1931 Marci
1571 1869 1852 1932 oratoris
1902 1866 2098 1931 filius.
2175 1867 2281 1930 cui
2335 1870 2570 1932 caull'as
2678 1885 2679 1934 l

590 1949 1113 2033 subscripserunt
1150 1949 1441 2012 censoris
1464 1994 1481 2025 ,
1521 1954 1665 2034 quud
1694 1951 1870 2033 chios
1909 1953 2240 2033 diripuerit3
2298 1954 2448 2031 quod
2471 1955 2570 2033 ju·
2678 1955 2679 1972 ³

586 2038 787 2095 dicium
806 2072 824 2105 ,
887 2032 1036 2113 apud
1081 2032 1180 2093 M.
1224 2032 1515 2093 Lucullum
1552 2050 1858 2115 praetorem
1898 2033 2206 2116 acc-usum,
2272 2033 2570 2115 recusurit,

591 2118 746 2196 turpi
786 2112 1103 2195 allegatione
1120 2154 1137 2186 ,
1169 2112 1235 2195 ft,
1273 2134 1393 2174 cum
1427 2112 1661 2175 Graecis,
1697 2114 1995 2175 hominibus
2035 2119 2095 2175 in
2133 2113 2269 2177 urbe
2299 2134 2410 2175 non
2442 2112 2574 2196 poffi

589 2216 755 2277 aequo
773 2195 915 2274 jure
937 2196 1300 2266 'contendere‚·
1340 2196 1486 2276 quod
1509 2213 1617 2278 pro
1655 2216 1744 2256 ter
1778 2200 1923 2256 aeris
1957 2196 2122 2256 alieni
2154 2196 2577 2278 magnitudinem

584 2279 817 2361 praedia
871 2279 1194 2357 manciparit
1213 2317 1233 2348 ‚
1306 2277 1545 2358 bonaque
1591 2214 1698 2360 fua
1759 2281 1818 2337 in
1870 2278 2125 2359 potestate
2173 2299 2284 2337 non
2338 2277 2570 2338 haberet.
2680 2343 2681 2350 ἵ

590 2359 804 2422 Etiam
858 2360 938 2418 Ρ.
987 2358 1304 2424 Lentulus
1348 2358 1547 2433 Sura,
1621 2361 1733 2446 qui
1785 2380 1997 2444 nuper
2051 2359 2273 2422 consul
2326 2359 2576 2432 fuerat,
2680 2363 2681 2428 ξ

511 2481 514 2486 «
596 2455 824 2503 senatu
869 2452 1082 2503 motus
1134 2438 1258 2512 est,
1317 2454 1385 2503 et
1489 2484 1509 2503 .
1553 2442 1823 2516 Curius,
1883 2441 2242 2505 notiss'imus
2296 2442 2579 2517 aleator,

596 2524 972 2608 ceterique,
1034 2542 1185 2583 mox
1241 2523 1321 2583 ad
1371 2524 1457 2584 Ca
1488 2522 1783 2585 ilinariae
1841 2523 2308 2604 conjurationis
2371 2524 2583 2585 scelus

595 2627 728 2668 non
764 2619 891 2666 tam
923 2599 1043 2664 hac
1079 2604 1371 2666 censoria
1404 2618 1589 2679 nota,
1636 2603 1823 2689 quam
1858 2606 2084 2668 caussis
2120 2605 2265 2667 aliis
2287 2649 2305 2680 ,
2352 2606 2588 2702 impul-

289 2699 486 2754 Census
511 2713 573 2753 a·
601 2690 679 2749 si.
764 2684 1055 2747 Lustrum
1114 2685 1352 2748 deinde
1405 2685 1736 2749 conditum
1792 2685 1902 2749 est.
1976 2687 2215 2750 civium
2268 2691 2587 2784 amplior,

224 2782 366 2823 ctus.
602 2775 790 2853 qnam
826 2782 1009 2839 ante,
1056 2789 1398 2843 numerus,
1445 2770 1732 2853 receptis
1781 2770 1849 2830 in
1893 2769 2068 2831 idem
2113 2769 2212 2850 jus
2256 2775 2593 2850 'sociorum

599 2849 884 2935 populis,
916 2848 1065 2911 fuit.
1112 2849 1322 2934 capita
1349 2864 1676 2935 nongenta
1703 2851 2166 2948 quinquaginta
2195 2852 2403 2914 millia
2443 2871 2594 2914 cen-

601 2934 688 3007 sa,-
733 2931 1099 3016 principem
1137 2946 1399 2995 senatus
1430 2932 1512 3029 Q.
1538 2934 1864 2995 Lutatium
1893 2935 2186 2996 Catulum
2221 2934 2559 3019 legerunt.

663 3039 678 3045 ‘
723 3037 956 3098 XXIX.
1001 3040 1135 3100 Per
1173 3038 1346 3100 idem
1378 3051 1633 3124 tempus
1662 3041 1739 3101 L‘.
1762 3039 2067 3103 Metellus
2099 3038 2366 3104 Siciliae
2406 3058 2599 3136 prae·

603 3133 712 3194 tor
759 3140 898 3181 rem
947 3119 1252 3183 adversus
1292 3121 1535 3205 piratas
1570 3121 1887 3207 prospere
1923 3122 2132 3206 geffit.
2214 3126 2374 3184 Nam
2423 3135 2599 3184 mter
2640 3157 2667 3174 κ

501 3225 518 3234 “
604 3198 1032 3265 foedissimam
1076 3203 1148 3266 C.
1185 3203 1414 3269 Verris
1454 3217 1822 3288 praeturam
1862 3205 2186 3288 Pyrganio
2233 3203 2598 3288 archipira-

541 3321 544 3322 ν
606 3298 670 3346 ta
715 3281 1170 3364 Syracusanum
1215 3298 1513 3369 portum,
1573 3286 1759 3369 pulsa
1812 3286 1998 3348 classe
2042 3288 2367 3358 Romana,
2430 3285 2604 3348 obti-

605 3378 872 3438 nuerat,
929 3365 1331 3451 insulamque
1387 3367 1541 3430 inde
1592 3368 1898 3430 caedibus
1943 3368 2320 3453 rapinisque
2358 3368 2606 3430 misere

613 3446 900 3512 vexabat.
994 3445 1185 3510 Hunc
1243 3448 1448 3533 igitur
1498 3451 1840 3524 Metellus,
1902 3448 2194 3511 terrestri
2252 3450 2606 3534 navalique

608 3529 868 3614 proelio
917 3528 1191 3605 victum,
1248 3530 1611 3614 profugere
1649 3551 1730 3593 ex
1764 3531 1986 3596 Sicilia
2024 3531 2275 3615 coe'git,
2334 3552 2610 3617 pacem·

611 3631 739 3697 que
780 3611 1159 3696 provinciae
1197 3611 1507 3686 reddidit.

2158 3694 2359 3757 XXX.
2405 3694 2529 3758 Fi-

680 3847 828 3937 cap.
847 3863 1084 3948 xxyn.
1122 3861 1422 3920 Memnon.
1474 3867 1908 3943 Cap.xxv111.
1943 3867 2072 3924 mv.
2092 3866 2252 3953 cpit.
2290 3863 2614 3952 samm-312

616 3933 762 4005 Tog.
797 3933 1046 3989 Candnd.
1084 3936 1236 3989 Plut.
1263 3936 1428 3991 CaeS.
1465 3956 1517 3993 c.
1549 3945 1604 3997 5.
1645 3941 1863 3994 Ascon.
1899 3939 2052 3993 Plut.
2091 3940 2216 3994 Cic.
2254 3954 2306 3991 c.
2333 3953 2427 3991 ω.
2469 3938 2612 4002 Duo,

611 4000 656 4056 l.
684 4004 774 4065 37.
822 4002 1036 4058 Aseon.
1078 4004 1139 4057 in
1173 4008 1318 4074 Tog.
1356 4004 1604 4063 Candid.
1657 4009 1801 4064 Sall.
1835 4008 2006 4063 Catil.
2047 4026 2100 4061 c.
2133 4009 2219 4064 23.
2273 4005 2401 4060 Liv.
2443 4004 2610 4076 Epit.

617 4071 760 4141 cap.
785 4074 986 4125 XXIX.
1024 4073 1187 4145 Lips.
1220 4074 1564 4133 Admirand.
1603 4098 1659 4145 ι,
1693 4096 1750 4148 7.
1789 4077 2133 4138 erElector.
2171 4098 2231 4140 i,
2266 4091 2349 4143 27.
2388 4073 2540 4140 Dio,
2570 4073 2611 4129 l.

617 4139 706 4195 36.
743 4138 874 4195 Liv.
905 4140 1063 4213 Epit.
1105 4141 1278 4197 Oros.
1317 4148 1374 4210 6,
1409 4145 1467 4201 3.
1780 4197 1789 4206 .
