2717 4667
495 210 615 275 23⁶
699 211 1102 275 FREmsn.
1141 193 1976 288 SUPPLEMENTORUM
2015 211 2360 286 namn.

1394 379 1397 388 x

184 422 323 477 [Le.
345 418 466 487 676·
497 434 564 482 et
598 418 1000 482 conscientia·
1028 439 1334 493 securuS,
1427 440 1578 480 uum
1613 429 1854 481 tantum
1893 420 2169 482 aliorum
2206 416 2334 479 sibi
2370 413 2488 477 do-

187 495 261 546 Α·
285 492 349 547 0·
376 490 466 546 3²·
497 500 755 565 leudam
790 502 1003 564 vicem
1037 514 1334 585 putaret,
1424 502 1587 563 ectis
1636 502 2159 586 proscriptorum
2210 497 2491 561 nomini-

496 585 658 657 bus,
704 605 901 667 quum
942 603 1014 645 se
1060 604 1320 667 quoque
1360 580 2098 668 videret'adscriptum3
2159 585 2268 643 Vae
2302 580 2492 653 misero

454 667 458 678 '
500 668 650 738 mihi,
694 666 762 725 in
812 666 941 727 uit:
973 665 1191 745 fundus
1218 664 1466 726 Assbanus
1497 684 1580 723 me
1612 665 1975 747 persequitur.
2035 670 2264 746 Neque
2293 663 2496 744 longe

385 807 402 816 .‚
498 767 742 832 progre
797 768 911 819 uS,
956 768 992 807 a
1028 743 1343 830 quodam,
1391 747 1505 829 qui
1545 766 1692 808 eum
1730 744 2116 830 agnoverat,
2159 744 2500 828 percussus

500 826 609 892 est.
674 828 980 912 idemque
1038 827 1179 889 sive
1227 829 1474 901 Lollii,
1537 830 1683 894 sive
1720 827 2051 911 cujusdam
2095 827 2363 891 alterius
2399 826 2501 890 fa-

498 925 671 985 tum,
721 910 841 973 sed
884 930 963 972 ex
1002 910 1282 985 merito,
1328 910 1477 973 fuit.
1619 921 1622 928 ’

190 1069 366 1123 Loth-,-
397 1085 481 1121 cu·
631 1043 830 1108 XXV.
886 1046 949 1103 Is
993 1037 1306 1125 singulari
1321 1035 1336 1050 ³
1353 1041 1675 1127 pravitate
1725 1040 1792 1101 in
1843 1042 1978 1104 enii
2025 1032 2202 1106 inter
2244 1041 2506 1104 turbam

129 1138 351 1206 jusdam
378 1140 478 1197 im·
507 1127 577 1185 in
616 1124 834 1187 forum
880 1123 960 1185 ad
1001 1122 1342 1210 legendam
1393 1123 1670 1185 tabulam
1720 1061 1998 1208 gelliens
2037 1137 2505 1222 procurrerat,

120 1209 375 1280 probitas
430 1217 481 1259 et
508 1222 610 1281 et,
655 1227 928 1290 quorum
965 1206 1306 1290 proposita
1329 1205 1596 1284 nomina
1633 1206 2000 1288 cognoss‘et,
2046 1229 2114 1268 m
2153 1228 2270 1269 eos
2306 1206 2519 1270 multa

123 1277 330 1343 f‘m‘m·
507 1289 980 1351 contumeliose
1018 1287 1310 1362 dicebat,
1363 1288 1718 1350 calamitate
1761 1288 2153 1360 miserorum
2190 1288 2508 1372 gaudens.

503 1371 712 1458 Igitur
747 1369 918 1433 hunc
954 1368 1155 1431 statim
1194 1367 1416 1432 divina
1451 1369 1774 1453 corripuit
1797 1371 1981 1433 ultio.
2024 1385 2323 1455 namque,
2355 1370 2517 1431 dum

503 1454 569 1515 le
618 1452 787 1514 endo
839 1451 1296 1540 carpendoque
1352 1451 1647 1534 singulos
1699 1452 1961 1538 pergit,
2029 1475 2213 1515 suum
2266 1454 2334 1514 in
2381 1453 2516 1514 ima

504 1549 569 1597 ta
619 1534 719 1595 ula
758 1534 1156 1617 adscriptum
1197 1554 1436 1595 nomen
1477 1533 1677 1596 videt.
1754 1556 1953 1617 quare
1996 1548 2174 1597 metu
2213 1535 2517 1596 obmute-

407 1633 412 1636 ’
507 1615 729 1688 scens,
795 1638 991 1712 quum
1028 1635 1099 1676 se
1137 1616 1349 1699 capite
1393 1613 1709 1700 adoperto
1752 1616 2182 1691 subduceret,
2228 1616 2516 1699 agnituS,

508 1713 575 1759 et
612 1718 649 1760 e
682 1696 990 1782 vestigio,
1048 1697 1473 1772 laetantibus,
1536 1698 1651 1784 qui
1693 1695 2097 1773 adstiterant,
2163 1695 2470 1762 omnibus
2495 1739 2516 1773 ,

510 1780 838 1843 confoffus
885 1778 994 1842 est.
1734 1818 1771 1834 2

158 1925 491 1993 Pericutofis.
634 1909 867 1973 XXVI.
916 1910 1074 1973 Inde
1113 1911 1310 1974 latior
1349 1911 1421 1973 in
1458 1934 1683 1977 omnes
1720 1915 1962 1999 pavor,
2006 1934 2166 1986 nec,
2213 1910 2371 1995 quid
2411 1923 2525 1973 aut

126 2001 266 2066 fima
290 2009 482 2066 tempo·
515 1992 845 2063 facerent,
892 2006 999 2054 aut
1043 1993 1458 2069 omitterent,
1506 2017 1636 2080 quo
1674 1998 1798 2063 tuti
1834 1997 2091 2070 forent,
2152 1994 2524 2072 satisyscie-

137 2083 227 2124 '’⁶-
383 2137 386 2144 Α
514 2076 688 2137 bant.
777 2074 1151 2137 Accederes
1188 2076 1269 2136 ad
1298 2078 1600 2150 tabulam,
1646 2100 1769 2163 pro
1810 2079 2069 2141 curioso
2102 2076 2525 2164 periclitare-

514 2157 651 2220 ris:
693 2177 826 2217 non
863 2157 1254 2232 accederes,
1300 2181 1424 2242 pro
1469 2160 1884 2244 indignante:
1932 2178 2311 2257 quaereres,
2359 2155 2529 2255 quid

521 2239 837 2322 scriptum
874 2240 1071 2317 effet3
1132 2260 1255 2323 pro
1305 2255 1374 2303 te
1421 2254 1529 2303 aut
1570 2244 1703 2304 tuis
1755 2242 2156 2308 conscientia
2195 2240 2529 2302 sollicitus

517 2321 884 2384 videreris:
932 2320 1208 2383 adstares
1242 2321 1514 2400 tacitus3
1557 2324 1727 2384 odiis
1764 2326 2088 2389 latronum
2125 2323 2528 2403 objiceret-e,

520 2417 842 2486 tamquam
895 2402 1057 2466 tristi
1112 2404 1376 2467 silentio
1425 2408 1798 2489 praesentia
1843 2407 2167 2471 damnans.
2249 2409 2409 2467 Nam
2463 2417 2534 2466 et

522 2486 732 2558 multi,
781 2484 957 2568 quo-d
991 2488 1099 2549 vel
1138 2487 1538 2549 subriserant
1571 2488 1650 2550 ad
1686 2490 1858 2564 talia,
1903 2490 2009 2551 vel
2045 2488 2332 2549 frontem
2365 2506 2534 2547 con-

449 2591 456 2592 *
522 2577 889 2641 traxerant,
936 2569 1389 2635 caedebantur.
1431 2590 1513 2632 ne
1562 2591 1645 2632 ue
1685 2586 1794 2633 aut
1834 2571 2026 2633 amici
2058 2568 2534 2650 casu1ingemi-

523 2646 742 2720 sce-re,
787 2663 896 2712 aut
928 2650 1285 2714 adversarii
1318 2651 1520 2713 exitio
1581 2654 1783 2715 aetari
1815 2653 2079 2737 impune
2114 2665 2276 2713 erat.
2321 2654 2536 2711 Prae-

521 2744 707 2792 terea
742 2730 962 2793 multis
995 2731 1404 2815 perniciosus
1439 2736 1896 2817 cognominum
1932 2754 2124 2797 error
2154 2746 2317 2803 erat,
2361 2752 2537 2816 quae

423 2880 429 2888 ,
523 2813 972 2954 ἓετοαίΐονεε,
1038 2814 1150 2875 ubi
1206 2815 1610 2899 proscriptos
1672 2837 1804 2879 non
1859 2813 2148 2888 nossent,
2211 2814 2368 2898 aliis,
2415 2812 2537 2875 ad-

578 2894 892 2977 ngebant:
939 2895 1275 2957 oriebatur
1323 2918 1404 2958 ue
1451 2918 1645 2980 saepe
1683 2899 2154 2982 imponentium
2192 2896 2538 2979 cognomi-

526 2996 608 3037 na
651 2989 717 3037 et
753 2975 1190 3055 rejicientium
1228 2999 1310 3041 ve
1361 2998 1585 3040 emens
1629 2980 1985 3053 contentioz
2071 2985 2169 3043 Ne
2213 2978 2538 3039 mulieres

576 3057 792 3119 uidem
836 3072 1172 3143 exemptae
1210 3062 1474 3144 penitus
1509 3063 1809 3144 periculo
1847 3074 2066 3136 erant,
2133 3060 2289 3145 quin
2336 3060 2540 3122 etiam

527 3138 783 3201 ilarum
822 3142 1171 3206 nonnullae
1210 3139 1447 3226 gladiis
1485 3143 1954 3207 homicidarum
1997 3143 2470 3222 objicerentur.

186 3280 502 3336 Lamniana
647 3271 909 3335 XXVII.
968 3274 1146 3334 Inter
1177 3272 1293 3335 has
1330 3270 1871 3338 miserias'minus
1906 3271 2300 3339 videbantur
2337 3273 2538 3335 mise-

146 3368 265 3403 sors
306 3353 498 3407 ’κίειν-
524 3349 799 3426 rabileS,
862 3373 1027 3434 quos
1073 3354 1339 3438 ignaros
1384 3358 1582 3419 sortis
1621 3380 1810 3432 suae,
1875 3371 1981 3419 aut
2028 3356 2176 3417 dum
2217 3357 2391 3418 illam
2433 3355 2541 3418 di-

148 3421 320 3476 'ffflffl
479 3477 486 3482 ,
522 3433 766 3508 scunt„
789 3431 1127 3519 percuss'or
1171 3439 1548 3523 occupabat.
1608 3461 1859 3513 eorum,
1904 3440 2038 3523 qui,
2083 3438 2380 3522 praeviso
2412 3458 2537 3521 pe-

519 3517 772 3590 riculo,
829 3536 901 3577 se
940 3517 1519 3594 abscondiderant,
1582 3521 1862 3584 sollicita
1914 3535 1981 3583 et
2025 3538 2236 3582 morte
2285 3519 2538 3584 tristior

519 3598 656 3661 vita
697 3611 877 3672 erat,
938 3599 1090 3682 quia
1124 3621 1339 3690 neque
1361 3603 1781 3687 xprofugere,
1828 3624 1912 3665 ne
1953 3599 2538 3687 deprehenderen-

520 3692 665 3752 tur,
719 3676 1077 3758 audebant3
1136 3704 1352 3767 neque
1402 3686 1470 3745 in
1516 3698 1694 3747 tanto
1739 3685 2022 3747 omnium
2063 3698 2275 3758 metu,
2337 3704 2539 3767 quum

522 3760 711 3824 multi
754 3762 832 3823 ab
881 3762 1277 3828 amiciffimis
1323 3765 1805 3853 proderentur,
1870 3765 2206 3830 confidere
2261 3764 2539 3828 latebris

523 3855 849 3928 poterant.

600 4036 680 4092 Ca
729 4076 746 4095 .
776 4040 985 4098 xxw.
1038 4044 1215 4101 Oros.
1286 4043 1370 4102 Ca
1419 4083 1434 4099 .
1471 4046 1653 4102 XXV.
1705 4044 1891 4105 Diod,
1929 3996 2086 4121 apud
2111 4046 2312 4107 Valeo.
2381 4043 2536 4120 Cap.

686 4054 740 4165 ῐΙ).
775 4110 910 4169 Val.
937 4112 1094 4169 Max.
1125 4131 1179 4184 9,
1210 4130 1264 4173 a.
1337 4062 1484 4192 0¹:11).
1520 4115 1760 4177 xxvu.
1796 4113 1935 4173 Dio.
2232 4167 2237 4172 .
