2717 4667
303 509 380 637 l':
396 529 468 639 δῖ
492 582 583 639 8⁶.

310 1121 391 1177 Et
410 1126 591 1208 cupit.

586 1901 589 1908 A

297 2372 584 2447 Victorque

655 299 774 366 150
800 243 1383 380 JFREINsnEmt
1398 271 2232 369 SUPPLEMENTORUM
2243 297 2640 370 memm.

494 510 619 569 666.
653 509 879 572 salutis
915 502 1352 574 ostendentes.
1449 512 1690 595 Magno
1727 499 1931 594 igitur
1968 487 2253 576 clamore
2301 492 2491 575 et'im
2544 526 2640 574 etu

649 612 762 658 res
804 593 1135 677 utrimque
1179 592 1570 679 gerebatur:
1631 606 1733 668 et,
1778 593 1938 658 licet
1975 595 2293 668 Romani,
2335 592 2494 657 testu
2544 594 2638 656 ine

649 674 852 754 facta,
896 689 1153 772 partem
1192 676 1348 740 valli
1386 674 1815 746 subruerant,
1861 675 2056 738 densa
2095 690 2310 740 tamen
2342 675 2641 739 barbaro-

646 777 794 820 rum
832 776 1009 821 actes
1051 754 1291 821 strictis
1332 756 1572 840 gladiis
1617 756 1998 821 deterrebat
2032 759 2439 844 irrupturos.
2538 757 2642 822 do-

646 858 773 902 nec
825 839 1088 903 Basilus
1140 840 1446 902 tribunus
1496 837 1785 923 legionis
1838 840 2089 925 primus
2144 839 2429 913 omnium
2474 854 2645 903 tran-

640 919 943 994 scendit,
988 934 1094 996 et,
1137 920 1318 986 hoste
1359 919 1583 994 caeso,
1631 921 2000 1008 exemplum
2038 923 2316 1008 reliquis
2353 922 2646 1009 viamque

647 1002 733 1065 ad
776 1002 1273 1088 irrumpendum
1316 1003 1524 1068 dedit.

771 1111 1068 1179 XXXIV.
1130 1109 1245 1174 Sic
1307 1124 1671 1196 expugnata
1729 1122 1880 1173 sunt
1916 1108 2227 1174 Archelai·
2273 1107 2354 1172 ad
2392 1108 2651 1174 Orcho-

644 1211 908 1256 menum
946 1189 1179 1265 castra:
1235 1206 1409 1255 tanta
1451 1193 1694 1268 iterum
1730 1185 1931 1255 caede
1951 1233 1969 1264 ,
2014 1204 2088 1253 ut
2123 1192 2438 1276 sanguine
2467 1193 2649 1277 palu·

644 1272 766 1336 des
801 1272 1087 1339 infectae
1108 1318 1126 1351 ,
1170 1272 1457 1359 stagnum
1506 1295 1588 1337 ue
1630 1275 1699 1354 in
1733 1273 2040 1362 proximo
2074 1273 2511 1336 cadaveribus
2543 1297 2654 1360 op·

622 1407 633 1413 -
688 1356 929 1429 letum,
975 1356 1374 1422 referantur.
1515 1356 1710 1442 iginti
1756 1356 1962 1420 millia
2006 1354 2377 1430 hominum,
2434 1356 2508 1418 in
2591 1379 2651 1419 a-

637 1376 832 1501 Kides
877 1436 1242 1524 compulsa,
1303 1460 1503 1525 quum
1584 1449 1778 1503 reces
1827 1437 2187 1500 victoribus
2228 1456 2361 1500 non
2391 1439 2537 1503 inte
2587 1459 2651 1502 e-

643 1534 781 1583 ctas
820 1520 1214 1594 funderent,
1258 1463 1690 1585 inexoraflilis
1729 1522 1949 1586 Sullae
1987 1518 2342 1583 crudelitas
2380 1519 2651 1586 delevit.

606 1601 955 1686 'Totidem
1016 1604 1140 1666 alia
1191 1604 1262 1665 in
1312 1598 1587 1668 flumine
1641 1603 1910 1690 periill'e
1962 1601 2310 1665 dicuntur:
2386 1618 2657 1687 praeter

645 1703 802 1758 eos,
848 1686 961 1770 qui
1005 1686 1073 1748 in
1113 1683 1332 1749 castris
1368 1701 1444 1750 et
1473 1687 1651 1750 circa
1680 1685 2092 1772 paffimlsunt
2124 1682 2462 1746 trucidati.
2532 1690 2658 1750 Ar·-

645 1766 910 1829 chelaus
947 1781 1161 1831 tamen
1195 1769 1407 1831 evasit
1440 1767 1834 1850 discrimen,
1879 1766 2187 1853 paludum
2229 1765 2508 1831 latebris
2540 1781 2666 1853 per

642 1846 919 1911 biduum
970 1852 1371 1914 occultatust
1429 1851 1632 1914 tertio
1678 1851 1937 1916 demum
1988 1848 2098 1912 die
2141 1849 2510 1912 naviculam
2547 1872 2658 1911 na·

646 1943 814 2005 ctus,
861 1953 988 2015 qua
1018 1930 1397 1995 Chalcidem
1428 1932 1788 2016 trajiceret.
1854 1932 1976 2004 Ibi,
2021 1930 2180 2016 quid
2228 1929 2339 1993 uid
2379 1952 2465 1995 us
2518 1952 2662 1998 uam

643 2013 978 2096 regiarum
1045 2015 1385 2099 copiarum
1461 2015 1855 2101 propinquis
1922 2035 1997 2078 re
2046 2014 2181 2076 ion‘
2234 2034 2310 2075 us
2376 2034 2511 2097 age
2560 2027 2661 2088 at,

645 2114 897 2157 summo
948 2093 1157 2160 studio
1204 2096 1598 2160 contrahere
1644 2110 1914 2161 conatus
1957 2117 1994 2159 e
2057 2117 2077 2173 3
2137 2108 2209 2172 ut
2250 2096 2484 2159 saltem
2529 2099 2662 2159 Eu-

638 2174 874 2239 boeam
916 2191 1209 2252 teneret,
1269 2177 1484 2243 donec
1521 2179 1867 2242 meliorem
1913 2179 2196 2262 aliquam
2236 2198 2426 2261 spem
2462 2200 2663 2265 repe-

638 2258 879 2322 tendae
919 2261 1238 2324 Graeciae
1281 2262 1464 2325 casus
1502 2262 1739 2346 aliquis
1777 2260 2105 2323 attuliss'et.

763 2367 1032 2431 XXXV.
1081 2369 1261 2432 Sulla
1291 2367 1556 2457 postero
1589 2369 1734 2442 die,
1781 2387 1969 2454 quam
2004 2366 2266 2450 proelio
2292 2368 2528 2431 vietor
2554 2391 2667 2433 ex-

270 2447 615 2530 Pmmfflft
637 2445 933 2524 stiterat,
961 2449 1299 2514 tribunum
1342 2452 1569 2516 vallari
1607 2450 2173 2521 corona„multos
2211 2448 2461 2512 deinde
2497 2454 2672 2516 alios

268 2528 472 2583 poenas
496 2514 612 2569 δ”·
635 2531 1031 2594 militaribus
1068 2532 1262 2597 donis
1298 2533 1739 2598 cohonestavit
1759 2555 1778 2612 3
1822 2531 2088 2594 virtutis
2125 2532 2349 2605 causs'a,
2398 2546 2475 2595 et
2505 2535 2675 2600 81ἱο-

264 2594 489 2652 pensu.

681 2613 796 2675 uin
832 2615 1216 2679 retinendae
1252 2616 1584 2681 exercitus
1613 2613 1935 2679 voluntati
1969 2613 2286 2696 pecuniae
2310 2615 2670 2696 profusus.

698 2694 939 2780 irep'tis
989 2696 1230 2761 deinde
1281 2700 1603 2764 Boeotiae
1658 2696 1923 2782 oppidis
1946 2737 1965 2769 ‚
2041 2708 2361 2778 quotquot
2414 2696 2680 2762 iterum

633 2776 716 2840 ad
743 2778 970 2861 regios
1001 2777 1406 2854 defecerant,
1453 2794 1524 2843 et
1550 2778 1968 2851 Anthedone,
2011 2778 2344 2858 Larymna,
2394 2779 2675 2843 Alaeis-

634 2878 766 2944 que
808 2860 1101 2933 eversis,
1149 2862 1219 2924 in
1262 2861 1653 2925 'I-'heffaliam
1698 2862 2053 2924 hiematum
2101 2859 2398 2921 transiit:
2469 2863 2684 2925 simul

633 2940 928 3004 intentus
970 2942 1041 3003 in
1082 2944 1305 3007 Flacci
1350 2941 1664 3018 consilia,
1727 2944 1920 3006 simul
1963 2937 2363 3024 quaestorem
2414 2962 2679 3029 exspe-

561 3023 565 3027 ’
634 3036 842 3094 ctam,
876 3043 1070 3108 quem
1102 3025 1185 3087 ad
1220 3026 1477 3089 claII'em
1510 3024 1958 3090 adducendam
1993 3022 2321 3085 emiserat.
2378 3026 2685 3092 Interim

334 3367 564 3426 lucum

300 3441 466 3539 gfff&
576 3481 590 3530 J

633 3104 660 3166 i
708 3105 776 3167 se
810 3104 1140 3170 fabricare
1177 3128 1259 3171 ex
1291 3107 1623 3193 praesenti
1656 3107 1845 3193 copia
1874 3125 2072 3169 naves
2096 3101 2408 3174 instituit:
2511 3131 2684 3171 uan-

683 3206 723 3247 o
770 3208 990 3273 neque
1034 3192 1378 3266 Lucullus,
1414 3197 1658 3277 neque
1690 3204 1911 3254 certus
1945 3201 2063 3252 aut
2102 3181 2398 3250 constans
2506 3211 2551 3254 e
2595 3211 2684 3255 eo

639 3289 870 3331 rumor
911 3269 1321 3334 adventabat.

678 3415 686 3436 Ι,
765 3353 1063 3417 XXXVI.
1129 3354 1262 3418 sed
1309 3353 1464 3428 ille,
1525 3350 1857 3438 postquam
1916 3348 1997 3412 ad
2048 3350 2209 3412 belli
2265 3351 2685 3424 societatem

641 3430 879 3496 adduci
910 3436 1329 3499 Ptolemaeus
1370 3435 1706 3520 nequibat,
1753 3433 2050 3506 navibus,
2096 3432 2332 3517 quihus
2364 3435 2685 3522 Cyprum

643 3513 1123 3592 deduceretur,
1196 3538 1350 3581 acce
1399 3518 1525 3590 tis,
1598 3537 1681 3579 ex
1741 3515 2203 3579 maritimarum
2267 3515 2685 3595 civitatum,

638 3618 800 3681 quas
840 3613 1116 3682 praeter·
1146 3601 1292 3665 vela
1321 3658 1326 3661 .
1359 3599 1653 3672 aciebat,
1715 3597 1975 3660 auxiliis
2025 3595 2343 3659 modicam
2392 3600 2685 3670 class'em

636 3679 808 3743 colle
857 3695 1037 3743 erat=
1107 3696 1214 3756 et,
1272 3681 1493 3744 vitatis
1552 3680 1910 3766 piratarum
1967 3677 2269 3753 insidiis,
2340 3680 2685 3750 Rhodum

635 3702 978 3845 appufsus,
1023 3761 1376 3849 adsumptis
1413 3761 1822 3825 Rhodiorum
1865 3761 2173 3832 navibus,
2236 3763 2414 3824 Coos
2463 3768 2685 3832 etiam

634 3856 704 3905 et
742 3844 1050 3918 Cnidios,
1115 3860 1222 3919 ut,
1283 3844 1514 3927 ejectis
1551 3844 1979 3907 barbarorum
2019 3842 2373 3927 praesidiis
2397 3886 2419 3919 ‚
2489 3870 2685 3915 arma

639 3944 863 3988 secum
899 3927 967 3987 in
1000 3927 1253 3992 Samios
1289 3928 1583 4001 ferrent,
1630 3926 1999 4012 impulerat.
2177 3925 2182 3934 ’

636 4137 641 4146 ,
703 4080 854 4152 Cap.
875 4081 1135 4137 XXXIV.
1170 4080 1333 4139 Plut.
1367 4055 1535 4138 Oros.
1568 4080 1821 4154 Appian.
1860 4081 2035 4137 Oros.
2064 4081 2250 4137 Eutro
2297 4118 2316 4138 .
2342 4079 2625 4145 Plut..A
2681 4128 2685 4143 .

634 4147 800 4273 pingi.
847 4149 996 4222 Cap.
1012 4154 1245 4220 XXXV.
1281 4151 1439 4211 Plut.
1467 4152 1726 4227 Appian.
1783 4153 1926 4226 Cap.
1948 4151 2238 4210 xxxvl.
2284 4151 2393 4206 lut.
2415 4154 2578 4215 Luc
