2717 4667
554 205 680 289 3250
774 204 1181 281 FREmsH.
1209 152 2045 275 sorrLEuENronuu
2060 199 2212 263 Lm.
2228 200 2461 264 Lxxt.

220 411 294 467 (Β
328 413 536 482 θνῦοθ·
683 418 834 488 XV.
875 418 1085 494 Galli,
1128 418 1429 483 Caesaris
1449 415 1749 485 adventu
1783 439 1910 503 per
1940 420 2395 503 exploratores
2434 441 2551 484 co-

220 481 298 604 2·
340 481 410 537 G·
445 485 790 590 ⁵4‘gnito,
830 502 1062 567 relicta
1103 500 1490 575 obsidione,
1530 520 1679 562 cum
1713 503 2013 565 omnibus
2044 503 2289 586 copiis,
2335 503 2556 567 homi.

168 620 248 675 „v
264 553 541 677 :imez-
565 607 719 649 num
745 585 1035 648 millibus
1054 583 1264 645 ferme
1290 582 1645 666 sexaginta,
1685 584 1942 648 obviam
1969 584 2357 668 procedunt.
2412 590 2555 649 Bo-

224 637 261 690 g
524 659 828 740 ‘manus,
875 665 1126 735 viribus
1164 665 1250 726 im
1301 684 1409 737 ar,
1468 663 1747 728 consilio
1828 666 2040 739 otior,
2102 679 2171 727 ut
2200 666 2451 730 hostem
2483 672 2556 731 in

487 794 500 807 .
562 756 1031 833 contemptum*
1055 746 1162 809 sui
1216 688 1611 819 agduceret,
1674 767 1747 810 ca
1800 768 1906 819 ra,
1967 767 2091 833 per
2145 769 2219 810 se
2271 766 2553 835 propter

487 904 494 913 ι
558 833 952 921 paucitatem
983 842 1373 892 armatorum
1404 827 1657 911 exigua,
1703 831 1896 892 etiam
1933 828 2017 891 de
2054 830 2366 894 industria
2398 855 2559 896 con·

526 913 778 978 trabit.
862 915 958 975 Ea
987 909 1315 975 simulatio
1352 909 1611 972 timoris
1646 910 1911 995 decepit
1939 913 2197 983 Gallos,
2244 927 2352 989 ut,
2393 930 2562 977 tam-

652 1014 753 1057 am
788 993 870 1056 ad
905 994 1166 1056 facilem
1201 991 1549 1077 praedam,
1608 993 1674 1055 in
1720 995 1939 1056 locum
1988 993 2280 1077 iniquum
2320 1017 2562 1060 succe-

558 1017 832 1147 gerent,
891 1073 1088 1138 castra
1127 1073 1607 1159 oppugnaturi3
1667 1095 1857 1147 mox,
1918 1091 2303 1159 erumpente
2339 1081 2563 1164 portis

558 1158 863 1224 omnibus
892 1160 1187 1220 Romano
1222 1157 1518 1218 exercitu
1538 1196 1555 1227 ,
1596 1171 1916 1240 tamquam
1949 1156 2166 1219 subito
2200 1178 2356 1225 casu
2391 1175 2567 1222 atto·

559 1240 719 1314 niti,
763 1238 1006 1321 majore
1033 1236 1554 1301 consternatione
1576 1238 2120 1322 percellerentur,
2160 1260 2350 1324 quam
2374 1244 2570 1327 paul-

559 1325 629 1386 lo
681 1335 829 1384 ante
877 1319 1114 1383 fiducia
1157 1320 1658 1382 exsultaverant.
1743 1324 2015 1403 Magnus
2057 1320 2271 1403 primo
2308 1325 2571 1408 impetu

560 1403 953 1468 interfectus
990 1401 1078 1466 est
1109 1421 1461 1479 numerus3
1501 1402 1741 1472 ceteri,
1786 1403 1981 1463 armis
2016 1402 2323 1481 abjectis,
2370 1407 2573 1489 fuge-

563 1500 737 1549 runt.
810 1485 1147 1550 Victoriae
1179 1502 1441 1552 rumor,
1486 1482 1863 1546 incredibili
1899 1484 2236 1546 celeritate
2268 1488 2570 1572 perlatus

565 1569 637 1629 in
666 1570 948 1638 Remos,
1006 1565 1548 1637 Indutiomarum,
1609 1565 1719 1650 qui
1761 1563 2019 1647 postero
2064 1564 2173 1627 die
2212 1568 2412 1632 castra
2442 1571 2571 1630 La-

567 1649 752 1712 bieni
788 1668 1168 1733 oppugnare
1204 1645 1642 1722 constituerat,
1688 1647 1777 1708 ita
1810 1647 2301 1732 perterrefecit,
2352 1666 2426 1715 ut
2460 1672 2568 1713 ea-

565 1731 722 1794 ‘dem
753 1745 949 1793 nocte
982 1729 1395 1819 profugeret.
2014 1736 2022 1743 “

233 1875 316 1930 M.
336 1867 552 1943 craffics
667 1862 874 1925 XVI.
930 1860 1017 1921 At
1049 1862 1247 1942 longe
1288 1857 1552 1925 diversa
1587 1859 1659 1925 in
1692 1859 1892 1925 simili
1925 1851 2272 1946 proposito
2302 1862 2570 1925 fortuna

196 1944 427 2000 Parenos
444 1945 551 1999 bel·
575 1944 662 2008 Μ’.
701 1941 919 2005 Crass'o
958 1939 1104 2003 fuit.
1164 1946 1229 2004 Is
1268 1962 1553 2028 quoque,
1601 1941 1899 2005 Caesaris
1938 1944 2393 2018 aemulatione,
2439 1964 2572 2004 ma-

194 2017 249 2069 ¹⁰
266 2014 434 2087 P'm·
572 2026 686 2112 gni
721 2022 907 2085 ducis
939 2042 1177 2084 nomen
1206 2024 1696 2108 potentiamque
1728 2024 1923 2086 bellis
1961 2023 2263 2087 serendis
2292 2046 2574 2110 aucupa-

345 2132 350 2137 ·
486 2109 498 2115 ’
572 2108 636 2171 ri
670 2118 928 2176 certus„
975 2103 1307 2189 postquam
1339 2119 1629 2189 pacatam
1663 2106 1912 2187 Syriam
1944 2105 2160 2180 videt,
2210 2129 2384 2169 arma
2408 2111 2568 2169 Par-

446 2210 454 2238 ¹
574 2188 744 2262 this,
785 2182 943 2248 licet
977 2180 1194 2272 neque
1232 2187 1438 2249 c'aussa
1470 2189 1629 2250 ess'et
1658 2187 1858 2262 belli,
1902 2207 2116 2273 neque
2155 2203 2423 2254 senatus
2462 2211 2571 2251 au-

576 2286 725 2335 ctor
754 2266 1112 2339 exstitiss'et,
1159 2270 1413 2331 inferre
1444 2286 1521 2330 co
1612 2270 1684 2331 it.
1749 2269 1881 2332 Sed
1914 2291 2131 2355 neque
2166 2273 2289 2335 alia
2322 2272 2384 2333 ei
2418 2293 2575 2356 sup·

626 2352 887 2416 etebant
923 2349 998 2411 ad
1028 2351 1452 2416 Caesarianae
1484 2348 1551 2411 i'n
1602 2352 1728 2413 olis
1762 2353 2063 2425 modum,
2109 2368 2176 2417 et
2205 2354 2405 2416 homo
2440 2374 2577 2414 ma-

501 2430 506 2433 *
573 2374 682 2521 for
730 2432 914 2495 annis
963 2433 1290 2517 sexaginta
1319 2431 1502 2493 ‘nibil
1546 2433 1700 2495 satis
1739 2432 1821 2494 ad
1863 2448 2039 2497 tanta
2071 2437 2336 2521 negotia
2370 2455 2459 2498 ve
2505 2455 2585 2497 e-

577 2513 747 2590 tum,
779 2527 1045 2600 praeter
1075 2512 1520 2599 cupiditatem,
1566 2514 1936 2591 adferebat:
1982 2516 2180 2602 idque
2211 2535 2427 2602 nuper
2457 2456 2580 2578 gu·

467 2616 472 2623 ·
581 2598 759 2662 centi
802 2615 925 2681 per
963 2596 1481 2681 Gallograeciam
1538 2597 1784 2661 urbane
1840 2599 2297 2682 exprobratum
2339 2620 2374 2661 a
2412 2619 2580 2684 rege

272 2697 528 2769 ῃφιηῑ
582 2672 894 2758 Deiotare
929 2677 1163 2740 fuerat.
1248 2680 1439 2740 Hunc
1463 2679 1739 2750 Crass‘us,
1785 2694 2005 2743 exacta
2031 2682 2156 2763 jam
2182 2694 2391 2743 aetate
2418 2701 2585 2743 con-

223 2770 450 2826 dio-tum.
585 2761 849 2825 dentem
878 2757 1212 2848 oppidum,
1262 2780 1460 2844 quum
1493 2758 1882 2836 offendiss'et,
1928 2762 2287 2836 Duodecimn,
2334 2763 2582 2848 inquit,

481 2874 482 2877 ¹
584 2844 722 2906 bora
749 2842 1002 2920 aedifica}
1020 2883 1036 2915 ‚
1086 2842 1380 2921 quotare.
1468 2845 1636 2903 Tum
1666 2843 1780 2906 ille
1802 2868 1837 2918 ,¹
1867 2843 1960 2903 Ne
1997 2866 2060 2905 tu
2090 2846 2340 2927 quidem,
2387 2845 2584 2928 Impe-

590 2943 773 2997 rator,
806 2925 949 3005 Jc'ztis
984 2927 1283 2982 matutinus
1304 2922 1604 3004 surrexisti
1637 2929 1698 2984 in
1733 2924 1990 2986 Parthos.
2212 2910 2229 2959 Ι

710 3057 916 3121 XVII.
973 3053 1106 3118 Sed
1138 3054 1252 3117 ille
1287 3054 1518 3117 sitiens
1553 3053 1729 3127 auri,
1776 3074 1907 3137 quo
1935 3053 2213 3117 Parthos
2247 3053 2589 3118 abundare

555 3180 559 3184 Α
592 3136 1037 3222 intelligebat,
1080 3151 1150 3199 et
1192 3133 1728 3221 novum'regem‚
1775 3155 1898 3199 nec
1944 3136 2086 3199 sine
2121 3135 2332 3198 turbis
2371 3137 2442 3198 in
2478 3157 2592 3200 so-

593 3217 757 3282 lium
784 3217 1240 3281 Arsacidarum
1270 3219 1523 3280 enisum
1544 3259 1561 3290 ,
1608 3232 1916 3301 superatu
1956 3217 2214 3282 facilem
2249 3215 2547 3301 figurans
2566 3262 2588 3294 ,

593 3315 799 3399 ponte
846 3299 1052 3379 junxit
1088 3300 1525 3397 Eupbratem,
1592 3300 2153 3384 transgress‘usque
2206 3300 2373 3361 laeta
2423 3300 2591 3367 belli

597 3385 789 3446 mitia
826 3382 1087 3465 habuit,
1146 3398 1305 3467 quta*
1325 3381 1550 3445 Parthi
1596 3381 1908 3444 adversus
1948 3382 2369 3468 improvisam
2410 3383 2595 3444 irru-
2698 3378 2699 3383 ’

596 3466 891 3550 ptionem
967 3484 1143 3525 arum
1171 3463 1614 3547 providerant.
1679 3463 1990 3528 Occurrit
2018 3480 2229 3527 tamen
2252 3460 2336 3523 ad
2354 3464 2593 3528 Ichnae

600 3545 708 3626 (id
748 3544 910 3609 caste
963 3565 1002 3608 o
1042 3565 1279 3607 nomen
1319 3544 1444 3624 est)
1485 3564 1628 3607 cum
1666 3546 1891 3628 paucis
1932 3546 2261 3631 equitibus
2296 3568 2473 3608 unus
2510 3567 2596 3609 ex

598 3627 973 3713 purpura-tis
1018 3627 1329 3705 Sillaces3
1392 3625 1737 3710 victusque
1782 3648 2062 3713 prorsus
2114 3627 2463 3692 contendit
2509 3628 2594 3691 ad

598 3726 864 3794 regem,
907 3709 1277 3794 praesentia
1310 3710 1756 3773 nunciaturus.
2284 3732 2291 3741 ²

669 3957 816 4040 Cap.
848 3961 976 4015 XV.
1033 3957 1309 4015 Frontin.
1363 3956 1544 4014 Strat.
1581 3961 1636 4028 3,
1677 3980 1766 4029 17.
1817 3959 1985 4016 Caes.
2058 3958 2209 4035 Cap.
2244 3960 2409 4019 xvl.
2449 3961 2591 4017 Dio.
2694 3918 2695 3985 Ξ

596 4025 853 4099 Δρριωι.
895 4028 1090 4082 Parth.
1133 4027 1284 4081 Plut.
1325 4027 1546 4085 Crass'o.
1620 4031 1766 4105 Cap.
1796 4032 1983 4091 xvn.
2024 4029 2161 4088 Dio.
2196 4031 2378 4090 Oros.
2408 4033 2468 4101 6,
2505 4031 2590 4089 ιδ.

593 4100 763 4154 Flor.
791 4098 864 4167 3,.
888 4113 971 4152 ιι.
1008 4097 1147 4153 Dio.
1182 4092 1339 4153 Plut.
1377 4097 1516 4157 Dio.
1596 4116 1605 4131 ¹
