2717 4667
563 227 652 289 m
693 225 992 291 Locum
1034 223 1196 289 Lm.
1246 225 1479 293 xcvt.
1519 227 1744 293 mvn.
2026 225 2151 310 3⁵9

167 428 314 489 dam
345 429 834 512 Themiscyram·
861 432 1058 506 miss’a,
1102 451 1265 517 quae
1301 432 1383 492 ad
1407 413 1999 511 'thermodoontem
2028 431 2152 496 flu·
2211 437 2278 493 U.
2300 439 2495 500 mmo.

167 512 350 596 vium
390 514 779 586 Amazonis,
838 536 872 576 a
921 536 1045 599 qua
1090 513 1350 577 condita
1396 515 1587 585 effet,
1645 514 1888 575 habere
1917 536 2153 577 nomen
2210 509 2280 565 Α·
2307 510 2484 581 G07²·

166 591 535 659 dicebatur.
623 595 754 656 Hic
807 597 1116 680 operibus
1165 597 1611 680 cumiculisque
1659 609 1896 658 tentata
1943 597 2156 658 omnia

170 692 359 750 sunt,
404 678 519 760 qui
555 690 683 737 tam
717 681 913 762 ampli
943 678 1395 750 fodiebantur,
1438 692 1509 739 ut
1539 678 1922 761 quandoque
1955 679 2023 740 iu
2054 679 2154 741 eis
2220 709 2227 720 ·

167 758 357 820 velut
397 758 854 824 subterraneae
894 783 979 842 pu
1027 780 1146 822 nae
1183 757 1438 821 fierent.
1490 762 1626 821 Eos
1662 759 1895 821 obsess'i
1926 780 2157 843 super·
2209 798 2219 806 ·

167 860 253 900 ne
295 841 713 923 aperiebant,
755 842 931 902 immi
987 864 1042 905 is
1093 861 1175 903 ue
1210 842 1421 914 ursis,
1473 855 1539 904 et
1579 841 1722 902 aliis
1752 839 2009 915 bestiis,
2052 841 2157 903 in-

167 921 438 984 terdum
476 935 544 983 et
573 944 761 1005 apum
797 923 1072 985 examini
1118 943 1233 995 us,
1277 942 1416 995 eos,
1462 922 1574 1009 qui
1611 923 1681 984 iu
1712 940 1917 1007 opere
1948 936 2157 998 erant,

168 1003 355 1065 omni
387 1024 639 1088 ‘genere
678 1005 1052 1068 calamitatis
1086 1003 1421 1069 vexabant.

183 1205 192 1216 .
297 1135 534 1214 XXXI.
580 1134 767 1197 Circa
802 1132 1086 1197 Amisum
1132 1134 1400 1219 segnior
1430 1133 1690 1197 obsidio
1726 1149 1897 1209 erat,
1947 1149 2013 1198 et
2035 1137 2155 1199 Mi·
2205 1149 2450 1207 Amisum
2466 1148 2554 1207 ab·

168 1209 533 1288 thridates3
576 1216 816 1289 audit‘o,
861 1238 1000 1279 eam
1040 1218 1181 1280 sine
1260 1215 1488 1278 roeliis
1524 1217 1842 1290 adsideri,
1887 1233 2157 1302 recepto
2182 1220 2341 1274 sun.

171 1298 391 1358 animo
412 1340 430 1372 ,
474 1298 726 1361 Cabiris
757 1297 1152 1372 substiterat,
1198 1240 1784 1361 egium-exercitum
1818 1299 2158 1394 colligens.

172 1379 250 1444 ld
284 1381 595 1440 Lucullus
635 1399 767 1442 non
805 1400 1001 1466 aegre
1039 1379 1439 1466 patiebatur,
1498 1379 2164 1463 reprehendentibus-

177 1482 314 1557 que
340 1461 628 1537 dicebat,
672 1463 962 1525 consulto
1006 1482 1077 1526 se
1117 1461 1190 1523 id
1224 1482 1256 1522 a
1305 1480 1444 1534 ere,
1484 1483 1591 1533 ne,
1630 1464 1829 1525 rebus
1862 1460 2162 1557 despera·

176 1556 302 1615 tis,
348 1544 426 1604 ad
456 1544 806 1627 Tigranem
840 1543 1227 1627 confugiens
1307 1540 1457 1604 ostis
1487 1543 1797 1625 majorem
1826 1543 1986 1605 belh
2022 1559 2162 1605 mo-

175 1623 308 1686 lem
343 1625 726 1689 concitaret.
785 1628 988 1711 Igitur
1009 1623 1423 1688 Mithridates
1444 1667 1461 1698 ,
1506 1624 1858 1688 contractis
1893 1623 2166 1709 quadra-
2276 1645 2289 1662 ·

182 1707 357 1788 ginta
411 1708 625 1768 ferme
676 1709 1002 1792 peditum,
1079 1720 1228 1769 octo
1279 1707 1570 1789 equitum
1616 1707 1939 1778 millibus,
2003 1706 2168 1769 Dio-

185 1787 486 1928 phantum
515 1802 584 1849 et
610 1791 894 1870 'l'axilem
930 1808 1075 1850 cum
1107 1789 1298 1852 novis
1330 1788 1541 1871 copiis
1576 1790 1656 1851 ad
1686 1788 1950 1874 priores
1977 1806 2168 1873 prae-

224 1883 394 1929 ectos
433 1870 650 1947 misit3
710 1893 743 1932 a
786 1871 1023 1955 quibus
1053 1868 1338 1931 Amisum
1378 1867 1680 1933 destinata
1728 1869 2051 1942 subsidia,
2100 1881 2170 1932 et

187 1947 548 2033 frequentia
581 1951 897 2035 equestria
938 1952 1310 2022 certamina,
1357 1951 1476 2012 sed
1511 1953 1690 2014 nullo
1720 1951 1956 2015 eximio
1981 1952 2052 2014 in
2076 1950 2170 2012 al-

181 2046 492 2094 terutram
531 2048 776 2117 partem
813 2046 1163 2106 momento,
1204 2032 1373 2095 facta
1409 2046 1578 2096 sunt.

302 2166 562 2228 XXXII.
624 2167 795 2226 Dum
827 2164 988 2226 haec
1028 2186 1062 2225 a
1095 2161 1474 2228 Mithridate
1520 2178 1589 2228 et
1621 2163 1894 2232 [mcullo
1930 2181 2169 2256 gerun-
2215 2177 2542 2237 camma.

180 2262 325 2321 ων,
366 2251 461 2311 M:
488 2249 673 2310 Cotta
708 2245 1055 2331 proconsul
1094 2244 1408 2308 Prusiada
1438 2246 1782 2329 Bithyniae
1822 2256 2022 2309 vemt.
2067 2243 2169 2305 in·
2191 2252 2360 2305 clenna
2378 2261 2544 2323 oppu-

181 2330 305 2403 de,
347 2330 612 2392 Pontici
651 2330 847 2392 maris
886 2348 1065 2389 oram
1101 2329 1370 2410 legens,
1414 2328 1497 2392 ad
1530 2328 1916 2391 Heracleam
1949 2344 2168 2387 acces.-
2193 2330 2346 2391 ΒΜ·

183 2412 294 2473 sit.
377 2410 501 2484 Ibi,
547 2411 697 2495 quia
734 2410 942 2497 pacati
978 2409 1141 2471 nihil
1185 2409 1728 2493 respondebatur,
1777 2405 2053 2470 adducto
2093 2405 2175 2468 ad

182 2493 440 2554 moenia
491 2492 819 2565 exercitu,
884 2490 1432 2575 oppugnationem
1475 2504 1727 2553 tentare
1773 2508 1901 2549 non
1948 2485 2175 2562 ausus-5

111 2638 116 2643 .
182 2577 310 2673 per
340 2588 560 2658 partes
590 2575 970 2638 Heracleam
1010 2571 1395 2646 adsultabat,
1455 2591 1695 2658 paucos
1734 2566 2010 2633 subinde
2036 2571 2172 2629 Ro-

183 2676 409 2717 manos
459 2656 739 2730 milites,
801 2654 918 2718 sed
968 2675 1266 2738 magnum
1315 2653 1743 2737 Bithynorum
1797 2668 2170 2724 numerum,

183 2735 527 2800 i‘noenibus
565 2738 938 2802 admovens.
1025 2734 1196 2808 Sed,
1244 2755 1440 2818 quum
1485 2734 1663 2797 inani
1706 2734 1969 2816 incepto
2007 2730 2176 2793 nihil

185 2819 453 2902 praeter
487 2821 755 2881 vulnera
790 2830 1182 2902 reportaret,
1225 2814 1544 2881 testudine
1581 2815 1835 2888 effecta,
1881 2807 2177 2875 adhibuit

187 2901 456 2964 arietem
478 2945 496 2974 ,
573 2915 639 2963 et
685 2902 914 2965 turrim
937 2942 954 2971 ,
1021 2918 1183 2984 quae
1221 2897 1527 2963 adversus
1565 2898 1696 2961 vim
1736 2917 1867 2958 non
1908 2894 2018 2957 diu
2058 2892 2179 2955 du-

188 2997 407 3044 ratura
453 2983 827 3057 videbatur,
884 2980 1139 3066 pulsare
1190 2977 1483 3044 instituit.
1586 2979 1753 3054 Sed,
1815 2976 1928 3040 ubi
1976 2974 2181 3037 semel

186 3065 426 3128 iterum
476 3086 557 3127 ue
601 3064 897 3149 perculsa
948 3063 1149 3136 turris
1199 3082 1330 3124 non
1382 3061 1577 3124 modo
1618 3061 1882 3146 praeter
1922 3056 2182 3141 opinio-

189 3158 339 3208 nem
375 3168 451 3209 re
503 3148 643 3221 itit,
713 3145 830 3210 sed
882 3145 1073 3207 etiam
1115 3143 1339 3206 arietis
1372 3144 1782 3229 'perfractum
1828 3153 2019 3223 caput
2059 3135 2179 3212 est,

187 3230 620 3292 Heracleotae
672 3229 847 3292 hono
897 3225 1148 3301 animo,
1211 3226 1569 3311 proconsul
1616 3223 1983 3311 iniquiore,
2044 3219 2177 3284 ess'e

189 3323 575 3395 coeperunt.

310 3444 602 3504 xxxln.
661 3439 869 3524 Igitur
956 3459 1107 3500 uum
1144 3434 1457 3521 postridie
1507 3434 1721 3497 denuo
1765 3431 1996 3496 frustra
2035 3446 2174 3495 tur-
2223 3444 2569 3503 mactatae

188 3525 315 3586 rim
337 3523 754 3595 verberass'et,
784 3541 922 3584 mac
970 3521 1107 3582 inas
1131 3518 1431 3591 cremari,
1461 3517 1959 3580 architectorum
1986 3534 2174 3598 prae·
2201 3515 2426 3590 penuria
2455 3514 2553 3579 fa·
2586 3540 2593 3543 ·

191 3606 326 3669 eidi
377 3606 587 3689 capita
623 3603 834 3684 juffit3
889 3602 1367 3687 praesidiisque
1406 3600 1577 3677 iuxta
1613 3613 1835 3660 muros
1873 3594 2176 3662 constitu·
2204 3585 2477 3660 figemur·

189 3690 280 3751 tis
299 3732 314 3761 ‚
361 3708 510 3751 cum
537 3686 780 3764 maiore
811 3698 998 3782 parte
1032 3682 1368 3767 copiarum
1402 3683 1471 3742 in
1502 3693 1725 3762 campo
1747 3681 1996 3759 Eycaeo'
2023 3696 2179 3739 con-

190 3770 395 3844 sedit,
439 3771 587 3831 loco
624 3768 869 3842 fertili,
916 3767 993 3828 ad
1036 3765 1331 3829 alendum
1372 3762 1643 3825 militem
1680 3780 1757 3822 co
1807 3760 1966 3828 ios0.
2012 3757 2188 3821 unde

194 3873 388 3936 quum
417 3848 946 3914 Heracleoticum
983 3864 1206 3934 agrum
1251 3849 1507 3908 omnem
1543 3840 1741 3906 evasta
1836 3856 1882 3915 t,
1926 3840 2184 3932 obsess'i,

192 3923 473 4018 penuria
499 3931 774 4017 fatigati,
810 3931 1022 3998 denuo
1052 3928 1133 3991 ad
1158 3926 1547 3993 Chersonesi
1579 3919 1948 4018 incolaspet
1968 3919 2188 3985 Theo-

1880 4025 1895 4074 i
2166 4027 2183 4062 ι

269 4098 418 4195 dap.
446 4120 651 4178 xxm.
688 4119 845 4178 mut.
883 4079 1023 4177 sm.
1060 4077 1204 4174 nist.
1223 4118 1283 4189 4,
1317 4077 1367 4175 i.
1402 4112 1660 4189 Appiam.
1694 4059 1855 4168 5151.
1892 4107 2189 4165 Mamaos.
