2717 4667
1194 807 1921 894 ΕΡῙΤΟΜΕ

730 1003 2374 1112 L1BR1'oeToGE81Ml.

614 1299 889 1367 Italicis
937 1301 1217 1385 populis
1268 1325 1314 1367 a
1366 1311 1624 1371 senatu
1677 1291 1928 1370 civitas
1981 1299 2162 1369 clota
2211 1309 2344 1380 cst.
2389 1265 2393 1276 Ι
2432 1298 2626 1364 Sam-

467 1429 651 1493 nites
668 1476 694 1513 ,
749 1434 869 1513 qui
920 1428 1058 1492 soli
1106 1422 1322 1493 arm'a
1374 1430 1815 1514 retinebant,
1870 1427 2137 1495 Cinnae
2176 1435 2245 1493 et
2280 1427 2527 1517 Mario
2561 1439 2626 1487 se

536 1615 784 1677 Italicis
818 1620 1069 1694 populis
1107 1640 1144 1675 a
1181 1630 1407 1678 senatu
1443 1626 1525 1679 ci-

468 1693 627 1745 vitas
646 1688 800 1745 data
822 1697 934 1749 est]
966 1693 1091 1742 Hoc
1120 1708 1239 1742 non
1266 1708 1371 1744 suo
1390 1692 1523 1746 loeo

468 1759 720 1821 referri,
772 1758 931 1830 quod
972 1759 1089 1827 jam
1130 1768 1278 1812 ‘ante
1326 1760 1397 1815 A.
1446 1764 1519 1817 V.

470 1847 720 1882 memmi.
770 1838 827 1879 et
857 1836 991 1879 ante
1032 1826 1281 1897 primum
1314 1848 1521 1883 consu-

468 1897 650 1949 latum
676 1895 896 1949 Cinnae
928 1894 1145 1947 factum
1163 1896 1377 1963 suerat,
1417 1899 1524 1952 ob-

434 1974 782 2017 ·servarunt
841 1962 1114 2036 Sjonius
1163 1966 1217 2020 3.
1267 1964 1337 2019 de
1382 1967 1518 2031 Ant.

416 2049 433 2064 ²
473 2036 599 2085 Jur.
650 2032 780 2086 Ital.
818 2052 865 2085 ι.
919 2042 978 2084 et
1022 2032 1337 2104 Spanhem.
1375 2036 1521 2090 Orb.

476 2105 647 2156 Rom.
687 2103 896 2153 Exere.
936 2119 983 2153 1.
1024 2119 1153 2172 cap.
1197 2122 1279 2156 io.
1349 2104 1523 2157 DUR.

547 2171 672 2247 Qui
715 2170 835 2225 soli
871 2189 1050 2225 arma
1099 2172 1523 2239 recipiebant]

472 2243 611 2294 Vei.
652 2238 759 2291 lib.
804 2238 1183 2294 retinebant.
1241 2242 1387 2295 SIG.
1438 2260 1528 2295 re-

441 2307 792 2378 „cipiebant
841 2306 1230 2379 pertinaciter
1293 2319 1529 2363 servant

440 2381 447 2387 ’
476 2395 681 2430 omnes
708 2375 885 2428 nostri
913 2386 969 2428 et
989 2375 1240 2429 aliorum
1266 2378 1404 2432 Msti.
1441 2377 1527 2444 Si-

472 2445 596 2499 mili
647 2461 855 2498 errore
885 2444 1164 2515 librarios
1211 2446 1396 2499 verba
1430 2464 1519 2500 re·

474 2523 726 2583 ceptare
758 2523 814 2565 et
843 2521 1160 2569 retentare
1181 2513 1521 2580 confudiffe,

475 2583 652 2636 docet
672 2582 801 2635 Nic.
823 2581 1095 2636 Heinsius
1121 2581 1198 2636 ad
1216 2582 1525 2637 Claudiani

481 2673 531 2706 ι.
571 2652 629 2702 in
663 2651 855 2703 Rufin.
883 2652 1007 2717 307.

546 2719 843 2776 Plautius
892 2737 1033 2773 cum
1069 2721 1354 2775 exercitu
1393 2737 1527 2775 cae·-

474 2807 582 2845 sns
613 2795 725 2846 est]
754 2791 891 2842 Vet.
912 2785 1018 2839 lib.
1050 2787 1349 2842 Plautius
1380 2788 1526 2841 SIG.

478 2858 777 2927 Plautius
813 2857 998 2908 Norv.
1031 2854 1335 2911 Plancius
1361 2855 1523 2910 Leid.

480 2938 538 2981 et
569 2923 797 2978 Boend.
837 2921 1094 2980 Plotius
1114 2927 1299 2978 Voss·
1331 2926 1529 2982 Plau-

479 2998 607 3051 tius
636 2996 812 3063 Berg.
846 3001 905 3044 et
931 2992 1078 3046 Lov.
1113 2992 1418 3050 Plautius
1438 2996 1525 3053 le-

432 3107 440 3116 .
476 3071 674 3137 gatus
703 3063 840 3115 Exc.
881 3060 1133 3115 Pithoei.
1187 3063 1335 3116 Eum
1379 3062 1530 3117 indi.

481 3130 642 3195 cari,
694 3129 792 3201 qui
843 3128 913 3182 A.
950 3129 1172 3188 Plotius
1210 3149 1388 3203 supra
1424 3135 1528 3186 ivo-

482 3209 648 3253 catur
716 3198 875 3270 Epit.
930 3202 1019 3264 74.
1089 3198 1375 3254 existimat
1436 3201 1532 3255 Pi-

480 3267 648 3341 ghius
690 3267 751 3320 in
786 3268 998 3322 Annal.
1040 3266 1113 3322 ad
1154 3268 1225 3322 A.
1264 3272 1341 3326 V.
1375 3288 1528 3326 ιοοι.

526 3355 555 3390 a
602 3375 615 3388 .
653 3340 714 3393 15
753 3375 768 3390 .

478 3356 519 3409 P
533 3354 890 3462 Jizniciilum
906 3405 1525 3479 occupaveruntJVet.

394 3487 403 3506 ¹
478 3475 586 3528 lib.
624 3482 1155 3547 oppugnaverunt.
1197 3494 1529 3547 occupasse

480 3555 678 3596 tamen
706 3550 787 3596 a’1‘t
813 3544 1135 3615 Appianum
1203 3544 1406 3614 Itaque
1442 3544 1526 3596 ni·

481 3612 566 3665 hil
606 3621 787 3665 muto.
829 3614 975 3667 SIG.
1015 3632 1049 3667 ο
1093 3620 1534 3685 pugnaverunt

485 3684 665 3751 Berg.
698 3690 755 3732 et
778 3682 923 3734 Lov.
946 3699 998 3734 α.
1086 3678 1158 3732 ed
1201 3679 1530 3753 occupave-

488 3757 638 3804 runt
677 3760 915 3804 servant
946 3748 1220 3803 Leidens.
1257 3751 1432 3804 Voss·
1477 3760 1536 3803 et

487 3815 718 3872 Boend.

556 3886 813 3940 Antium
842 3884 1113 3957 quidem,
1153 3894 1215 3941 et
1230 3887 1533 3951 Ariciam,

427 3977 430 3981 ’
490 3961 554 4010 et
612 3955 963 4009 Lanuvium
1017 3955 1298 4009 colonias
1354 3953 1534 4010 dcva'-

490 4023 700 4076 stavit.
777 4020 982 4091 Quum
1042 4021 1227 4078 nulla
1281 4025 1532 4081 omnino

455 4119 462 4128 ·
490 4107 626 4162 spes
659 4095 836 4150 esset]
875 4089 1041 4144 Tolle
1061 4090 1310 4165 quidem
1328 4101 1386 4145 et
1404 4111 1530 4149 om·

1596 1628 1767 1694 ηἰησ,
1807 1621 2108 1678 veteribus
2139 1621 2245 1675 lib.
2279 1616 2627 1695 auctoribus.

1596 1696 1742 1750 SIG.
1793 1694 1907 1748 uas
1939 1709 1970 1743 a
2006 1691 2197 1744 Mario
2234 1690 2474 1742 vastatas
2504 1685 2630 1738 suis-

1596 1782 1656 1816 se
1675 1762 1696 1828 ,’
1770 1758 2071 1833 Appianas
2120 1771 2355 1831 quoque
2408 1778 2458 1812 ι.
2512 1752 2628 1808 Οἰν.

1595 1834 1718 1902 39²·
1745 1830 1946 1899 tradit,
1985 1826 2088 1882 sed
2116 1827 2507 1883 coloniarum
2535 1837 2631 1873 no-

1593 1917 1726 1954 men
1771 1900 1838 1952 iis
1880 1916 2000 1951 non
2035 1894 2215 1951 addit.
2287 1894 2366 1946 Ex
2401 1892 2490 1945 his
2523 1892 2633 1970 Ap-

1594 1972 1647 2025 ti
1654 1990 1757 2024 um
1778 1968 1992 2021 dudum
2014 1964 2244 2021 colonia
2261 1963 2477 2027 suerat,
2516 1960 2631 2039 131v·

1593 2040 1646 2104 3,
1687 2058 1732 2091 1.
1757 2036 1996 2094 Aricini
2028 2044 2085 2087 et
2116 2032 2431 2090 Lanuuini
2467 2039 2631 2083 etiam

1597 2107 1657 2158 in
1690 2105 1984 2158 civitatem
2019 2100 2278 2174 accepti,
2315 2100 2370 2166 8,
2412 2104 2496 2162 ιιί.
2533 2097 2634 2149 Ita-

1597 2192 1710 2246 que
1739 2176 1995 2228 Antium
2013 2170 2304 2224 coloniam
2320 2168 2520 2221 dicere
2538 2181 2633 2236 po-

1597 2242 1742 2312 tuit3
1784 2242 2067 2298 Ariciam
2087 2249 2144 2293 et
2166 2239 2525 2294 Lanuvium
2545 2247 2638 2286 cur

1600 2311 1861 2364 colonias
1899 2319 2091 2374 vocet,
2137 2307 2275 2358 mihi
2307 2305 2637 2377 nonliquet.

1597 2380 1819 2434 Eadem
1851 2376 2070 2449 op'pida
2105 2374 2340 2448 quidem
2355 2373 2533 2428 modo
2551 2388 2638 2423 co·

1595 2448 1928 2514 Iuniarum,
1981 2445 2158 2498 modo
2195 2443 2641 2515 municipiorum

1592 2516 1831 2571 nomine
1875 2516 2118 2570 veniunt
2132 2534 2151 2582 3
2219 2511 2322 2565 sed
2367 2512 2481 2564 hoc
2530 2523 2640 2587 non

1594 2585 1656 2637 in
1720 2585 1848 2639 aliis
1905 2585 2101 2637 locum
2149 2581 2369 2634 habere
2418 2585 2639 2652 potua,

1596 2671 1768 2725 quam
1787 2671 1936 2726 quae
1965 2651 2139 2704 etiam
2157 2649 2425 2703 coloniae
2448 2654 2641 2703 erant:

1598 2726 1659 2777 in
1694 2740 1810 2796 quo
1847 2738 2091 2775 numero
2133 2737 2206 2772 an
2238 2719 2492 2785 Aricia',
2532 2717 2644 2771 La·

1599 2794 1880 2858 nuvium,
1919 2800 1994 2854 et,
2034 2785 2194 2860 quod
2212 2787 2480 2859 Epit.73.
2511 2781 2670 2855 legi-¹

1599 2873 1716 2924 tur,
1765 2859 1927 2915 Nola
1945 2856 2188 2921 fuerint,
2218 2875 2336 2909 non
2357 2855 2645 2909 immerito

1601 2929 1830 2983 dubitat
1861 2926 2134 2998 Sigonius
2157 2943 2207 2977 2.
2246 2924 2319 2979 de
2350 2924 2489 2979 Ant.
2523 2925 2643 2979 Jur.

1599 2998 1728 3053 Ital.
1749 3002 1803 3054 5.
1841 2998 1984 3051 Nam
2006 2992 2163 3066 quod
2184 2994 2314 3063 quis
2331 3005 2523 3067 putet,
2559 3009 2648 3048 eas

1601 3068 1757 3121 inter
1775 3066 1901 3118 illas
1923 3065 2029 3118 effe
2051 3066 2309 3134 potuiss'e,
2331 3081 2475 3135 quas
2495 3063 2647 3118 Sulla

1604 3137 1665 3189 in
1711 3134 1906 3206 primo
1956 3133 2261 3188 consulatu
2312 3133 2648 3203 anteexpe-

1603 3203 1887 3258 ditionem
1921 3201 1981 3253 in
2030 3201 2341 3255 Graeciam
2371 3199 2649 3256 adversus

1603 3273 1779 3326 duces
1828 3267 2183 3327 Mithridatis
2228 3267 2538 3324 deduxisse
2572 3267 2649 3321 di·

1599 3342 1755 3395 citur
1788 3340 1846 3393 in
1877 3338 2035 3411 Epit.
2057 3357 2146 3405 77.
2179 3349 2237 3393 et
2267 3338 2402 3391 ideo
2435 3338 2646 3393 fortas·

1601 3411 1676 3464 sis
1708 3428 1739 3462 a
1771 3407 1984 3471 Mari0‚
2025 3407 2180 3461 hoste
2216 3406 2432 3474 Sullae,
2475 3408 2666 3461 vasta-¹

1584 3490 1684 3533 >tas
1722 3494 1878 3544 esse,
1919 3492 2038 3528 non
2077 3473 2386 3529 admodum
2421 3476 2651 3529 firmum

1600 3558 1724 3616 est,
1772 3557 1838 3600 ut
1884 3562 1953 3599 ex
1998 3540 2107 3610 iis,
2170 3562 2318 3617 quae
2365 3543 2447 3598 ibi
2500 3544 2654 3597 dicta

1602 3627 1751 3680 sunt,
1795 3610 2039 3679 intelligi
2084 3623 2301 3685 potest.
2337 3614 2664 3694 Frontinus

1603 3685 1839 3767 quidem
1874 3681 1935 3734 in
1964 3680 2124 3735 libro
2154 3680 2225 3735 de
2252 3680 2501 3735 coloniis
2520 3680 2664 3774 Ari-¹

1606 3773 1769 3809 ctam
1800 3751 1931 3823 lege
1964 3750 2201 3804 Sullana
2227 3749 2508 3804 munitam
2521 3762 2654 3822 ‘esse

1606 3821 1847 3875 scribit=
1887 3818 1990 3872 sed
2022 3818 2167 3871 nihil
2202 3828 2393 3883 vetat,
2433 3818 2550 3872 hoc
2585 3815 2662 3870 del

1605 3889 1837 3943 colonia
1869 3905 1901 3939 a
1937 3887 2098 3940 Sulla
2194 3888 2271 3940 ost
2305 3887 2482 3940 victas
2519 3869 2662 3958 par-⁵

1600 3967 1688 4012 tes
1721 3955 2015 4013 Marianas
2048 3973 2119 4008 eo
2148 3903 2397 4008 iieducta
2436 3951 2652 4037 accipi,

1598 4038 1664 4080 ut
1696 4027 1806 4079 alia
1827 4063 1843 4091 ,
1946 4041 2036 4077 iae
2067 4023 2139 4077 de
2174 4023 2366 4078 Sullae
2398 4015 2662 4078 coloniis*

1599 4095 1659 4149 in
1688 4094 1849 4149 libro'
1886 4042 1988 4148 iiio
2020 4091 2316 4167 leguntur.
2372 4085 2660 4151 Lanuvi-¹2

2655 4383 2658 4386 Ι

2653 4501 2658 4618 ¹
