2717 4667
645 199 768 281 596
862 202 1263 267 FREINSH.
1287 196 2127 267 SUPPLE'MEN'I'ORUM
2142 197 2296 261 Lm.
2314 193 2548 258 LXIX.

339 408 622 478 11.c.6‹›s.
721 446 728 451 -
770 410 904 473 Lu.
952 410 1108 472 Cum
1129 407 1445 491 Pompeio
1473 409 1733 471 meliori
1763 406 1893 471 fide·
1923 428 2236 471 reversus
2266 406 2360 470 est
2386 410 2455 470 in
2478 430 2638 492 gra·
2686 442 2687 447 κ

333 481 497 541 Ast.
515 483 606 547 55⁴·
648 492 801 554 tiam
821 532 838 565 ,
884 504 951 554 et
970 533 989 564 ‚
1034 512 1117 554 ne
1142 491 1485 574 poenitere
1515 510 1660 553 eum
1689 511 1845 553 suae
1869 490 2219 552 rolun'tatis
2242 490 2479 575 poss’et,
2510 489 2634 551 fia-

646 575 763 635 tim
809 570 1202 635 beneficium
1244 571 1573 643 reddidit,
1632 587 1858 634 senatu
1905 571 2206 644 inducto,
2275 586 2349 634 nt
2396 572 2458 634 ei
2507 591 2635 655 per

647 655 1158 739 quinquennium
1195 673 1482 716 annonae
1518 673 1707 726 cura,
1748 656 1912 717 Sex.
1943 654 2175 717 Clodio
2214 654 2531 737 improbo
2566 666 2635 715 et

336 752 540 809 Sedete,
557 771 623 810 ,ς
646 735 1055 801 audaciss'imo
1082 736 1333 799 bomini
1363 748 1620 820 erepta,
1662 737 2093 799 mandaretur.
2158 736 2425 819 Ingenti
2456 736 2632 797 enim

295 824 471 891 tame.
647 818 876 880 urbem
913 830 1252 903 premente
1284 817 1486 890 fame,
1587 817 1756 879 lebis
1792 818 2039 880 insanis
2069 818 2463 879 tumultibus
2494 816 2632 878 fre-

641 899 880 963 mebat.
964 903 1052 961 Et
1086 900 1365 984 primum
1394 899 1542 983 Apo
1594 899 1884 962 inaribus
1920 898 2129 971 ludis,
2173 920 2342 982 quos
2364 902 2453 960 L.
2474 900 2635 961 Cae·

644 982 839 1044 cilius
869 980 1083 1045 Rufus
1117 994 1385 1064 praetor
1412 979 1725 1053 faciebat,
1770 995 1940 1044 tanta
1977 978 2238 1043 infimae
2267 980 2640 1063 multitudi-

641 1063 746 1126 nis
792 1063 1203 1126 concursatio
1246 1062 1411 1135 fuit,
1467 1074 1538 1123 ut
1578 1082 1840 1135 omnes,
1887 1062 1999 1147 qui
2040 1063 2384 1159 spectandi
2425 1063 2639 1146 gratia

642 1143 1109 1216 consederant,
1156 1143 1412 1206 theatro
1458 1144 1884 1227 pellerentur.
1965 1144 2225 1206 Deinde
2261 1145 2331 1206 in
2360 1145 2640 1229 Capito·
2690 1176 2691 1226 ;

559 1282 566 1289 ,
638 1224 835 1302 lium,
883 1247 1079 1310 quum
1117 1223 1211 1289 ibi
1253 1237 1510 1287 senatus
1549 1223 1933 1298 haberetur,
1989 1245 2351 1288 concursus
2392 1226 2636 1299 factus,
2690 1242 2691 1283 3

639 1306 1014 1387 incendium
1041 1306 1284 1406 templo
1309 1350 1326 1380 ‚
1378 1326 1605 1370 necem
1634 1307 1885 1370 senatui
1912 1307 2366 1370 minitantium.
2459 1312 2641 1370 Inter
2690 1294 2691 1349 ¹

641 1412 783 1455 eam
812 1387 1389 1453 consternationem
1417 1402 1640 1451 auctor
1663 1389 1967 1451 Patribus
1993 1390 2229 1451 Cicero
2257 1390 2411 1461 fuit,
2437 1391 2636 1451 Pom·

641 1472 795 1558 pejo
838 1492 1054 1556 curam
1090 1471 1262 1534 illam
1298 1470 1717 1534 decernendi.
1777 1471 2246 1554 proconsulare
2280 1471 2638 1556 imperium

560 1585 570 1592 ·
640 1576 766 1698 per
791 1554 1037 1618 Italiam
1072 1561 1430 1639 omnesque
1461 1565 1694 1629 terras,
1738 1552 1925 1637 quale
1960 1553 2145 1636 prius
2174 1552 2467 1638 piratico
2498 1553 2637 1615 bel·

673 1658 711 1699 o
745 1648 1045 1700 tenuerat
1064 1678 1082 1711 ,
1125 1635 1361 1698 flatum.

333 1751 619 1808 extreme·
762 1747 929 1806 LIII.
972 1742 1363 1827 Pompeius,
1408 1755 1671 1828 accepta
1709 1742 2078 1821 curatione,
2125 1743 2381 1827 legatos
2422 1737 2638 1824 pollu-

265 1818 617 1906 diqmafom.
640 1826 802 1888 lavit
836 1824 1242 1909 quindecim,
1293 1840 1360 1888 et
1394 1829 1461 1888 in
1500 1825 1603 1887 his
1634 1827 1845 1908 princi
1898 1846 2000 1891 em
2029 1826 2447 1887 Ciceronem.
2494 1822 2638 1906 qui-

263 1908 413 1961 1'‘¹⁰·
640 1910 764 1970 bus
801 1907 1023 1991 paffim
1061 1927 1187 1989 per
1227 1906 1603 1990 provincias
1640 1907 1798 1969 dimi
1852 1929 1945 1981 1s,
2002 1907 2070 1968 in
2101 1906 2439 1978 Siciliam,
2485 1906 2635 1966 Sar-

497 1996 502 2003 '
635 1989 913 2061 (liniam,
956 2002 1023 2050 et
1054 1987 1346 2050 Africam
1387 1990 1535 2074 ipse
1572 1988 1919 2071 navigavit.
2002 1988 2161 2051 Iride
2198 2008 2348 2051 cum
2391 1982 2631 2049 onustis

634 2070 910 2133 navibus
964 2086 1356 2133 reversurus
1380 2113 1399 2142 ,
1469 2073 1645 2134 inter
1692 2072 2182 2137 ‘cunctationem
2235 2068 2629 2153 gubernato·

635 2173 783 2215 rum
803 2192 822 2224 ,
887 2152 1000 2235 qui
1050 2149 1489 2235 tempestatem
1539 2152 1851 2216 timebant
1870 2192 1911 2225 ,.
1951 2152 2203 2236 primus
2259 2168 2624 2229 conscenso

634 2234 784 2297 navi
833 2233 1196 2298 iosolvere
1228 2232 1433 2315 jussit,
1493 2234 1881 2297 nobilifflma
1913 2252 2075 2299 voce
2103 2232 2312 2307 edita,
2372 2237 2633 2314 navigare

636 2250 895 2398 moestam
923 2313 1054 2395 effi,
1098 2318 1285 2377 vivere
1315 2334 1426 2376 mm
1458 2316 1560 2398 effi
1592 2313 1871 2395 neceffiaem.
1955 2316 2247 2379 Absente
2283 2310 2633 2398 Pompeio,
2696 2326 2697 2344 ¹

637 2419 836 2481 quum
877 2396 1300 2459 nihilominus
1337 2396 1640 2463 ferveret
1673 2396 1943 2460 Milonis
1989 2410 2181 2482 atque
2202 2388 2446 2461 'clodii
2480 2415 2636 2458 con·

633 2479 843 2541 tentio
866 2523 884 2553 ,
945 2478 1310 2564 ‘civitasque
1354 2494 1424 2542 et
1463 2493 1724 2544 senatus
1766 2479 1836 2539 in
1870 2493 2090 2564 partes
2129 2477 2635 2550 scinderentur,
2696 2466 2697 2519 ἶ

633 2560 972 2625 referente
998 2563 1073 2620 P.
1096 2560 1345 2622 Rutilio
1374 2564 1583 2647 Lupo,
1630 2561 1744 2646 qui
1776 2579 2008 2623 recens
2042 2560 2439 2623 tribunatum
2467 2558 2637 2621 inie-

634 2655 773 2716 rat,
837 2641 1291 2726 frequentiore
1331 2644 1550 2717 curia,
1614 2663 1802 2727 quam
1847 2663 2071 2711 mense
2111 2641 2473 2704 Decembri
2517 2639 2637 2702 sub

634 2719 781 2784 dies
833 2722 1029 2786 festos
1083 2724 1298 2808 putari
1348 2726 1694 2808 potuiffet,
1754 2724 1834 2786 (le
1872 2723 2135 2804 judiciis
2171 2724 2486 2807 agitatum
2527 2719 2633 2785 eli.

633 2802 1058 2868 Marcellinus
1107 2806 1338 2868 consul
1390 2806 1764 2892 designatus
1818 2807 2202 2869 sententiam
2252 2805 2461 2878 dixit,
2544 2807 2637 2866 Uti

627 2903 863 2967 praetor
885 2886 1141 2948 urbanus
1174 2887 1286 2971 ipfi
1305 2888 1619 2970 sortiretur
1637 2888 1895 2969 judices:
1934 2888 2185 2962 judicum
2207 2886 2515 2969 sortitione
2530 2886 2636 2966 fi·

633 2986 758 3040 cta,
802 2972 1019 3028 comitia
1051 2968 1404 3031 haberentur.
1488 2969 1563 3032 Id
1603 2990 1799 3055 quum
1836 2969 2230 3057 probaretur
2249 3012 2267 3043 ‚
2318 2971 2390 3032 C.
2434 2970 2633 3043 Catu,

635 3049 712 3112 G.
740 3049 982 3112 Cass'ius
1013 3051 1264 3113 tribuni
1296 3050 1558 3113 comitia
1587 3052 1772 3136 prius
1803 3049 2099 3113 habenda
2129 3049 2635 3113 contenderunt.

631 3126 816 3191 Haec
865 3133 1185 3195 sententia
1229 3132 1421 3196 vicit:
1486 3139 1569 3196 et*
1597 3132 1892 3205 comitia,
1950 3153 2083 3194 non
2137 3131 2280 3194 sine
2332 3131 2635 3195 maximis

638 3212 1138 3288 certaminibus»,
1187 3213 1621 3278 obnunciante
1652 3208 1923 3289 Milone,
1964 3213 2283 3300 perfecta,
2330 3213 2637 3278 Clodius-

640 3312 771 3378 que
806 3293 1038 3359 aedilis
1076 3295 1322 3360 curulis
1359 3297 1571 3360 factus
1610 3293 1719 3360 est.

329 3405 614 3466 Gallorum
760 3401 929 3463 LIV.
975 3386 1145 3463 bum
1182 3401 1342 3465 haec
1379 3404 1447 3464 in
1486 3401 1650 3467 urbe
1685 3399 1884 3477 fiunt,
1945 3404 2017 3467 C.
2052 3404 2288 3467 Caesar
2336 3401 2634 3486 gravini-

257 3477 495 3548 3nge⁸⁸es
517 3497 613 3550 ap·
635 3502 813 3544 mum
854 3484 920 3545 in
957 3484 1167 3546 Gallia
1201 3484 1444 3546 bellum
1481 3482 1726 3549 habuit.
1809 3485 2159 3570 Belgarum
2194 3484 2460 3568 populi,
2505 3486 2637 3547 Re-

257 3558 478 3613 f‘m‘u‘
491 3565 612 3600 ⁶⁰⁸·
639 3565 764 3626 mis
802 3565 1096 3648 exceptis
1119 3608 1136 3639 ,
1184 3586 1411 3628 omnes
1445 3564 1970 3645 conjuraverant,
2015 3564 2392 3630 incredibili
2420 3564 2633 3627 homi·

256 3615 577 3739 {afum’
625 3666 796 3719 ,num
845 3646 1260 3712 multitudine
1309 3661 1584 3729 armatae
1622 3649 1896 3734 quippe
1939 3650 2369 3722 Bellovacos,
2429 3646 2632 3713 millia

703 3780 856 3877 Cap.
879 3800 1008 3857 LII.
1042 3802 1300 3876 Appian.
1337 3802 1492 3856 Plut.
1529 3800 1670 3860 Dio.
1708 3803 1831 3860 Cio.
1863 3802 1938 3860 ad
1970 3804 2161 3872 Atmi,
2199 3823 2248 3860 ι.
2283 3814 2346 3859 et
2372 3820 2492 3877 pro
2517 3806 2631 3859 Do·

636 3889 757 3938 mc,
793 3889 846 3926 c.
877 3888 943 3935 7.
968 3881 1027 3926 et
1058 3891 1138 3954 go.
1188 3873 1403 3931 Aaron.
1438 3871 1499 3927 in
1528 3871 1741 3928 Milon.
1795 3873 1919 3930 Cic.
1958 3870 2114 3933 Plut.
2155 3877 2296 3929 Pom
2351 3913 2367 3929 .
2401 3884 2465 3929 et
2496 3872 2628 3928 Dio.

637 3944 783 4022 Gap.
813 3938 967 3993 LIII.
1005 3940 1128 3995 Cic.
1160 3939 1237 3994 ad
1266 3943 1385 3995 Att.
1420 3945 1476 4008 4,
1503 3961 1565 4021 .¹·
1602 3942 1757 3997 Plut.
1794 3943 2004 4015 Pomp.
2038 3953 2098 3997 et
2121 3941 2299 4015 Apop
2344 3943 2430 3997 th.
2464 3942 2632 3995 Rom.

635 4012 785 4140 guar-gs
798 4006 982 4140 ageQB.
1008 4006 1841 4143 {ig-agnssiznmfiitcbaade‘fftt.
1867 4014 1941 4083 4,
1973 4013 2032 4073 3.
2069 4010 2207 4093 Dio.
2299 4010 2455 4099 Cap:
2478 4011 2628 4071 uv.

790 4113 826 4137 ο,
989 4117 1007 4136 ι
1085 4114 1103 4137 ο
1162 4114 1184 4144 0
1336 4113 1357 4142 ο
1527 4112 1547 4141 0
