2717 4667
438 870 1026 947 JOHANNIS
1115 869 1902 948 FREINSHEMII

264 1053 975 1123 SUPPLEMENTORUM
1044 1064 1526 1126 LIVIANORUM
1592 1064 1819 1122 LIBER
1879 1063 2054 1126 XLV.
2119 1141 2126 1146 =

441 1243 530 1304 IN
573 1240 875 1306 Locum
916 1243 1148 1304 LIBRI
1187 1243 1449 1306 LXXX.
1492 1245 1573 1304 Τ.
1615 1241 1842 1308 L1V11.

289 1492 335 1550 Ι.
380 1492 453 1551 ln
508 1488 617 1551 his
674 1487 979 1572 angustiis
1039 1511 1236 1573 quum
1304 1490 1713 1576 deprehensa
1776 1486 2146 1572 respublica
2202 1480 2482 1541 U·⁰·⁶65·

189 1569 360 1643 effet,
416 1572 634 1632 omnia
683 1571 1217 1656 circumspiciens
1272 1588 1534 1636 senatus
1572 1573 1745 1634 nulla
1768 1613 1785 1643 ,
1847 1568 2006 1632 satis
2041 1584 2149 1633 aut
2203 1551 2467 1660 A.C.·87.

186 1667 407 1714 matura
435 1695 453 1726 ,
520 1668 632 1716 aut
682 1651 899 1725 firma,
967 1653 1278 1737 praesidia
1331 1655 1728 1739 reperiebat.
1812 1655 1890 1714 L.
1926 1652 2143 1727 Sulla,
2203 1644 2447 1700 Consaetia

184 1734 242 1794 in
274 1756 398 1817 quo
442 1755 611 1817 spes.
646 1754 799 1800 esse
846 1734 1118 1798 maxima
1144 1738 1472 1833 potuisset
1492 1781 1509 1810 ,
1571 1736 1805 1821 procul
1835 1735 1904 1796 in
1938 1735 2140 1796 Grae·
2168 1726 2404 1768 '‘⁸⁶⁶¹'‘

189 1817 271 1876 cia
300 1817 574 1899 gerebat
617 1835 763 1878 cum
809 1816 1271 1882 Mithridaticis
1301 1821 1516 1903 copiis
1548 1818 1834 1881 bellum:
1879 1816 2147 1878 servitia

70 1943 83 1952 .
192 1897 238 1956 si
267 1911 702 1971 armarentur,
744 1898 893 1981 plus
923 1897 1270 1962 dedecoris
1303 1902 1605 1974 allatura,
1652 1919 1841 1983 quam
1885 1896 2146 1969 auxilii,

186 1980 487 2062 putabant.
576 1981 848 2042 Unicum
884 1995 1026 2043 erat
1053 1979 1225 2043 haud
1275 1981 1764 2067 poenitendum,
1806 1993 1880 2042 ut
1913 1979 1985 2041 in
2029 1980 2145 2046 tali

183 2077 456 2146 tempore
481 2104 501 2135 ‚
565 2060 951 2138 consilium,
1002 2083 1068 2122 ut
1099 2064 1312 2124 Italicis
1343 2065 1583 2127 omnibus
1604 2108 1626 2140 ,
1666 2064 1819 2123 modo
1854 2077 2007 2120 arma
2038 2078 2146 2143 po-

165 2141 371 2224 fiuffent
387 2186 406 2217 ‚
473 2148 753 2206 civitatem
805 2146 1027 2206 darent.
1114 2145 1208 2205 Ita
1260 2165 1316 2206 et
1358 2147 1485 2209 illos
1510 2190 1529 2221 ‚
1592 2167 1646 2208 et
1665 2188 1683 2220 ‚
1746 2148 1841 2225 qui
1877 2141 2049 2203 adhuc
2084 2163 2144 2203 eo

171 2222 293 2284 bello
323 2225 629 2306 implicitus
666 2245 788 2287 erat
809 2268 827 2300 ,
889 2224 978 2311 ,Q
1012 2225 1243 2288 Metelli
1283 2234 1581 2291 exercitum
1600 2239 1636 2303 ,'
1698 2226 1850 2290 velut
1883 2227 2144 2290 comuni

162 2313 363 2388 patriae
386 2306 772 2388 succursuros.
1199 2324 1209 2332 ·

269 2416 346 2475 Π.
397 2413 536 2475 Sed
570 2415 942 2480 Italicorum
982 2435 1175 2478 nemo
1207 2416 1420 2478 ferme
1455 2427 1718 2498 praeter
1745 2418 2041 2477 Lucanos
2078 2427 2147 2477 et

167 2496 504 2568 Samnites,
545 2512 906 2581 supererat.
950 2499 1193 2560 Lucani
1213 2498 1472 2580 Cleptio
1496 2509 1562 2557 et
1579 2499 1729 2558 Lam
1764 2498 1935 2558 'onio
1957 2496 2142 2559 duci-

162 2577 270 2638 bus
309 2578 576 2651 Asiam,
626 2580 938 2664 oppidum
971 2581 1286 2643 munitum
1315 2580 1385 2640 in
1417 2577 1706 2653 Brutiis,
1776 2597 1949 2663 ongo
1977 2591 2140 2642 tem-

159 2680 312 2743 pore
350 2660 536 2720 inani
571 2675 805 2723 conatu
839 2662 1266 2725 obsederant:
1334 2660 1481 2721 Rhe
1529 2660 1660 2720 ium
1702 2662 1895 2722 etiam
1929 2681 1968 2722 o
2015 2682 2136 2759 pu-

161 2761 352 2823 gnare
403 2743 623 2804 conati
659 2758 882 2821 erant3
950 2745 1007 2805 si
1050 2745 1244 2828 potiti
1305 2763 1382 2804 ea
1403 2763 1494 2802 nr
1541 2762 1580 2804 e
1624 2741 1917 2816 fuiss'ent,
1969 2683 2138 2805 giei-

158 2823 296 2885 liam
395 2823 650 2886 etituri.
738 2825 872 2887 Sed
912 2839 1180 2909 praetor
1218 2826 1471 2886 insulae
1501 2824 1574 2886 C.
1596 2826 1958 2896 Norbanus,
2005 2846 2137 2887 ma-

157 2846 495 2988 gnitudine
557 2922 897 2991 apparatus
948 2907 1205 2969 territis
1255 2907 1434 2968 Italis
1458 2948 1475 2978 ,
1557 2907 1855 2990 periculo
1887 2906 2139 2990 Rhegi-

152 3007 262 3049 nos
296 2988 573 3071 eripuit.
657 2991 840 3073 Ergo
868 2990 1136 3061 Lucani,
1180 2988 1505 3052 beneficio
1539 3002 1798 3049 senatus
1822 2988 1950 3061 usi,
1990 2989 2137 3050 Sul·
2187 2985 2523 3070 lasciuissi-

154 3069 306 3132 lanis
380 3070 681 3153 partibus
748 3089 820 3133 se
882 3071 1331 3151 adjunxerunt.
1397 3070 1719 3131 Ceterum
1771 3069 1840 3130 id
1918 3069 2135 3132 uidem
2161 3057 2304 3108 ’Μ’-ἲ
2328 3069 2503 3125 pam.

156 3150 212 3211 in
246 3152 631 3235 praesentia
664 3153 989 3215 modicum
1029 3151 1328 3237 gaudium
1369 3151 1535 3220 fuit,
1602 3151 1779 3236 quoa
1809 3151 1880 3212 in
1929 3151 2134 3214 rmior
2158 3128 2451 3245 gam·

158 3251 220 3293 ea
248 3255 411 3316 pars
450 3235 817 3311 sociorum,
862 3250 928 3299 et
964 3235 1032 3296 in
1060 3235 1353 3296 ultimum
1390 3233 1610 3295 Italiae
1645 3234 1946 3318 angulum
1981 3233 2130 3295 sub-
2300 3228 2318 3245 ⁶

154 3328 311 3377 mota
349 3329 521 3378 erat.

257 3401 368 3460 111.
422 3398 782 3471 Samnites,
830 3400 942 3497 qni
975 3399 1101 3481 jam
1133 3398 1260 3462 soli
1294 3417 1469 3458 arma
1497 3395 1903 3468 retinebant,
1948 3396 2131 3457 Cam:
2197 3398 2466 3452 Samnites

150 3481 535 3563 paniamque
552 3494 621 3542 et
640 3498 1019 3564 superiores
1040 3482 1350 3566 regiones
1376 3478 1710 3550 vexabant,
1753 3477 2134 3550 conciliare,
2157 3481 2344 3549 ⁶9⁸1&
2359 3467 2483 3530 Μ’·

150 3563 340 3641 majus
388 3581 637 3646 operae
676 3563 927 3646 petiam
968 3564 1219 3626 fuerat:
1288 3560 1408 3624 sed
1450 3560 1601 3621 dum
1644 3558 1937 3621 honestas
1977 3578 2135 3621 con·
2160 3554 2359 3592 '‘⁰²⁸⁸“

152 3638 429 3708 ditiones
471 3656 734 3714 senatus
765 3659 1117 3730 exspectat,
1161 3667 1197 3707 a
1232 3641 1452 3705 Mario*
1481 3641 1646 3702 nihil
1673 3657 1806 3702 non
1843 3640 2137 3704 tribuen·
2215 3651 2246 3676 ·⁵

150 3734 210 3784 te
270 3740 674 3809 praeventus
737 3739 860 3790 est.
944 3728 1049 3814 Q.
1077 3726 1345 3789 Metello
1396 3722 1520 3786 Pio
1567 3724 1873 3784 consules
1925 3742 2016 3784 eo
2053 3723 2138 3786 dc

149 3809 415 3890 negotio
447 3809 852 3892 scripserant
874 3852 891 3883 ,
956 3808 1151 3871 castra
1194 3822 1422 3871 contra
1469 3804 1789 3867 Samnites
1831 3804 2132 3879 habenti,

149 3900 244 3961 ut,
287 3889 529 3974 quibus
561 3904 828 3973 posset,
874 3891 1361 3954 conditionibus
1401 3907 1548 3950 cum
1586 3886 1672 3948 iis
1716 3886 2133 3969 transigeret·

208 4043 355 4116 Cap.
391 4046 444 4101 Ι.
495 4044 545 4100 Δ
635 4046 754 4104 ian.
784 4046 967 4103 mvn.
1001 4046 1047 4101 1.
1080 4066 1129 4101 ι.
1184 4045 1506 4119 Liv..Epita
1559 4042 1730 4117 Cap..
1755 4044 1834 4099 11.
1879 4040 2132 4104 Diodor-

145 4108 292 4181 [ἢ.
363 4113 514 4188 Gap.
637 4154 653 4172 .
690 4118 815 4173 Liv.
843 4117 1000 4189 Epit.
1039 4115 1296 4189 Appias.
1326 4163 1337 4174 .
2103 4161 2110 4170 ⁴
