2717 4667
204 215 1249 368 BBElN-sfffflsU'PPLsanvjl.
1281 267 1373 329 IN
1389 262 1586 331 Lon.
1602 267 1787 330 ner.
1809 265 2202 351 mvn-459

210 477 342 539 ess'e
390 491 731 562 putarent,
800 475 882 539 ad
931 476 1206 539 subitam
1249 469 1733 541 dimicationem
1777 493 1927 542 sunt
1967 481 2220 550 coacti,
2262 473 2335 535 ¹1·
2351 493 2408 534 θ·
2424 471 2546 537 ⁶0⁶·

206 564 483 657 Magnus
539 557 993 643 et.multiplex
1045 559 1104 621 is
1154 571 1375 620 terror
1415 557 1583 633 fuit,
1642 574 1710 622 et
1744 557 1872 623 astu
1899 563 2202 664 Pompeji
2258 547 2538 610 A·c·⁶⁶··

210 642 293 703 de
330 641 635 705 industria
672 656 919 704 auctus.
1001 639 1293 704 Primum
1329 640 1505 702 enim
1547 661 1772 706 omnes
1804 643 1997 706 simul
2027 646 2204 708 tubi-

209 725 394 787 cines
441 726 761 800 clall‘icum
809 727 1043 785 caner'e
1086 720 1266 803 juffi:
1325 740 1468 785 eum
1510 724 1882 808 clangorem
1923 726 2204 792 militum

206 805 612 891 lixarumque
675 805 1034 869 acerrimus
1091 805 1334 866 clamor
1387 806 1683 890 excepit,
1757 806 2069 871 hastarum
2116 830 2204 874 ue

208 888 466 950 sonitus
509 889 589 951 ad
634 889 884 973 clipeos
920 886 1276 960 allifarum‚
1336 901 1403 950 et
1445 905 1634 972 quem
1678 889 1948 953 iner'mis
1985 904 2094 953 tur
2178 935 2199 968 ,

208 972 383 1034 saxis
424 992 615 1034 aerea
651 970 792 1034 vasa
826 969 1121 1055 pulsans,
1163 967 1329 1030 haud
1370 970 1581 1031 minus
1618 971 1986 1052 terribilem
2025 974 2210 1046 auri-,

203 1054 329 1116 bus
380 1053 626 1121 ciebat:
689 1073 895 1139 eaque
936 1049 1150 1113 omnia
1185 1052 1501 1114 montium
1539 1054 1914 1139 repercuffu
1947 1055 2022 1118 in
2062 1076 2197 1119 ma-

204 1136 311 1217 jus
360 1135 781 1232 augebantur.
1941 1127 1957 1151 ⁴

327 1244 439 1304 111.
498 1243 645 1305 Hoc
689 1240 1036 1326 repentino
1082 1239 1356 1303 tumultu
1393 1240 1866 1337 propemodum
1904 1239 2195 1308 debella-

162 1398 166 1401 Α
199 1337 308 1387 tos
345 1321 558 1386 hostes
596 1324 772 1386 omni
809 1345 891 1408 ex
926 1337 1111 1409 parte
1135 1325 1460 1385 Romanus
1496 1326 1767 1398 mvasit,
1809 1326 2059 1411 lapides
2092 1348 2192 1389 sa·
2252 1289 2521 1348 '’nah’'

201 1406 532 1503 gittasque
572 1420 638 1468 et
669 1405 842 1492 pila,
889 1405 1179 1502 quamvis
1218 1423 1337 1487 per
1374 1404 1607 1466 densas
1639 1405 1980 1481 tenebras,
2021 1408 2193 1471 haud
2217 1363 2483 1501 {Ji-⁸5:22⁸
2498 1376 2554 1416 ἰ

200 1510 389 1551 vanis
445 1487 683 1568 ictibus
707 1531 725 1563 ,
795 1502 869 1551 ut
929 1510 997 1550 in
1047 1497 1288 1550 tantam
1335 1486 1848 1562 multitudinem,
1912 1488 2193 1571 jaculati.
2219 1496 2478 1555 Pon-eicis.

197 1569 478 1633 Barbari
513 1569 713 1654 longo
747 1584 815 1633 et
848 1570 1050 1633 mixto
1084 1568 1372 1654 agmine,
1418 1569 1595 1655 quod
1631 1570 1711 1633 ad
1749 1570 1901 1646 iter,
1948 1592 2082 1633 non
2116 1573 2198 1635 ad

202 1652 569 1736 proelium,
614 1666 800 1715 erant
828 1652 1100 1737 egress'i,
1144 1664 1364 1714 mutuo
1404 1671 1474 1713 se
1514 1650 1974 1738 impediebant,
2022 1654 2198 1720 inter

206 1732 522 1816 angustias
579 1734 875 1800 locorum
930 1734 1156 1819 equis,
1221 1733 1653 1818 camelisque,
1716 1748 1783 1798 et
1833 1734 2196 1814 vehiculis,

258 1836 377 1879 uae
413 1816 723 1881 mulieres
757 1816 1138 1903 portabant,
1198 1829 1477 1878 armatos
1509 1816 1939 1883 turbantibus.
2024 1817 2199 1880 Con-

202 1838 342 1961 Em]
392 1898 475 1962 tis
531 1898 769 1962 deinde
813 1898 1193 1974 miffilibus,
1253 1894 1548 1959 cominus
1587 1900 1961 1983 congrcss'us
2003 1900 2196 1965 miles

200 2002 277 2043 ca
369 1981 519 2046 ebat
552 1981 843 2069 primos,
899 1979 1201 2068 turbabat
1251 1992 1636 2064 sequentes:
1701 1996 1769 2044 et
1812 1981 1944 2043 cito
1990 1977 2192 2050 fiebat

189 2064 385 2128 ferro
440 2064 543 2126 via
567 2107 586 2137 ,
656 2062 832 2148 quod
886 2063 1172 2126 inermes
1227 2060 1531 2149 plerique
1578 2063 2008 2128 Ponticorum
2053 2084 2190 2129 uno

122 2145 128 2151 “
193 2146 477 2211 vulnere
517 2144 983 2210 sternebantur.

174 2304 181 2312 .
323 2255 439 2319 IV.
500 2256 676 2316 Inter
731 2247 892 2317 haec
946 2252 1230 2328 emicans
1281 2252 1461 2318 forte
1510 2253 1793 2317 nubibus
1843 2253 2029 2318 Luna
2073 2274 2184 2318 re·
2238 2275 2579 2339 umnam,

197 2337 452 2404 creavit
501 2335 849 2409 barbaros,
915 2349 1023 2408 ut,
1085 2334 1143 2397 si
1184 2334 1352 2397 nihil
1388 2334 1598 2411 aliud,
1655 2333 1912 2399 visuros
1956 2336 2187 2400 saltem
2204 2348 2405 2404 clades.

192 2417 446 2480 hostem
485 2431 853 2503 sperarent,
898 2430 966 2480 et
1000 2417 1255 2479 minore
1291 2430 1695 2504 pugnaturos
1728 2417 2049 2498 periculo,
2096 2413 2180 2495 si,
2503 2409 2508 2426 '

197 2502 397 2585 quale⁴
430 2500 627 2574 illud,
689 2512 756 2562 et
804 2500 977 2563 unde
1025 2499 1297 2561 maxime
1343 2499 1702 2562 timendum
1742 2497 1938 2573 effet,
1982 2520 2186 2584 agno-

194 2582 458 2645 vifl'ent.
544 2582 677 2647 Sed
730 2584 952 2646 Lunae
1003 2581 1199 2644 etiam
1242 2580 1437 2644 fallax
1490 2595 1558 2643 et
1616 2579 2028 2666 perniciosus
2083 2582 2185 2645 eis

195 2663 514 2747 splendor
547 2663 747 2736 fuit‚-
772 2686 967 2748 quum
1017 2663 1331 2727 adversos
1378 2662 1673 2749 ipsorum
1717 2659 2187 2748 perstringeret

196 2748 454 2819 oculos,
498 2744 915 2829 conspicuum
961 2765 1044 2808 ue
1079 2739 1243 2807 hosti
1278 2765 1506 2829 agmen
1542 2739 1858 2810 efficeret.
1922 2745 2185 2808 Summa

194 2841 415 2890 tamen
445 2849 652 2891 noxae
679 2828 751 2890 in
789 2848 871 2889 eo
935 2829 1069 2899 uit,
1115 2827 1291 2911 quod
1324 2828 1570 2903 umbra,
1661 2848 1778 2889 uae
1807 2848 1841 2888 a
1868 2828 2181 2890 Romanis

195 2911 590 2993 corporibus
638 2929 760 2997 per
806 2910 1068 3008 longum
1113 2909 1523 2973 intervallum
1569 2934 1604 2972 a
1699 2928 1854 2994 suos
1908 2908 2180 2972 ordines

188 2993 649 3078 pertingebat,
695 2991 976 3077 decepti,
1018 3007 1333 3075 tamquam
1371 2991 1439 3054 in
1468 2992 1907 3077 propinquum
1935 2987 2183 3056 hostem

190 3077 322 3137 tela
356 3074 687 3137 miserunt.
771 3075 872 3137 Eo
901 3075 1177 3138 Romani
1210 3070 1681 3147 animadverso,
1726 3092 1871 3134 cum
1893 3071 2180 3136 clamore

196 3158 518 3240 suggreffi
565 3172 756 3231 sunt,
818 3157 1261 3239 Ponticosque
1309 3169 1410 3217 tot
1454 3156 1638 3217 malis
1694 3154 2177 3219 circumventos

190 3240 610 3323 pepulerunt.
667 3239 771 3303 Ad
810 3237 1012 3318 millia
1048 3237 1275 3301 decem
1310 3257 1392 3300 eo
1425 3239 1688 3322 proelio
1718 3234 2018 3300 cecidill'e
2046 3250 2177 3297 tra-

194 3324 476 3393 duntur,
534 3342 618 3384 ne
667 3342 748 3386 ue
788 3320 1132 3405 pauciores
1174 3319 1313 3382 ess'e*
1347 3320 1539 3403 capti.
1623 3317 1899 3390 Romani
1934 3316 2180 3380 milites

193 3403 432 3489 viginti
467 3424 611 3466 cum
685 3403 894 3465 uobus
923 3397 1783 3468 centurionibuseinterfecti
1812 3412 1997 3479 sunt3
2035 3387 2179 3461 vul-

190 3487 410 3551 nerati
446 3488 646 3549 mille.
734 3488 930 3557 Sunt,
977 3484 1089 3581 qui
1126 3483 1461 3567 regiorum
1499 3495 1683 3565 capta
1718 3500 2035 3566 caesaque
2070 3498 2180 3542 re-

160 3568 411 3633 ·ferant
459 3567 878 3653 quadraginta
926 3565 1163 3628 nullia:
1224 3578 1382 3654 quot
1430 3564 1540 3627 vix
1593 3561 1943 3627 existimem
1987 3562 2057 3625 in
2092 3578 2177 3625 eo

189 3649 589 3715 Mithridatis
648 3648 937 3712 exercitu
992 3647 1215 3710 fuiss'e:
1267 3647 1655 3732 praesertim
1700 3665 1895 3730 quum
1933 3643 2177 3726 multos

191 3735 388 3877 etia?
411 3731 720 3831 ‘eflugiss'e
763 3730 848 3796 sit
881 3727 1252 3818 proditum,
1309 3728 1486 3795 inter
1527 3748 1692 3816 quos
1733 3741 1801 3790 et
1831 3723 2174 3790 Mithrida-

191 3830 296 3881 tes
363 3830 481 3879 uit.
1228 3835 1233 3840 ·
2129 3837 2138 3844 ’

216 4097 230 4112 0
257 4029 408 4100 Cap.
435 4027 547 4083 111.
582 4028 710 4085 Liv.
740 4027 900 4102 Epit.
948 4028 1223 4086 Frontin.
1251 4042 1306 4094 ι,
1340 4045 1394 4084 1·-
1443 3989 1581 4079 Dio.
1653 3993 1804 4094 Capi
1831 4023 1938 4108 ῙῩ.
1982 4023 2176 4081 Fron,

184 4098 928 4247 ἓῖιητῖὲοτοέἐεῗῶξέοε.
964 4101 1035 4172 6,
1063 4103 1120 4169 4.
1168 4095 1326 4208 Plnt.
1365 4097 1515 4234 lho-
1550 4092 1704 4151 Plnta
1740 4093 1996 4170 Appnn.
2027 4093 2184 4148 Dm„
