2717 4667
426 247 520 311 m
569 243 874 310 Locum
912 246 1078 312 mn.
1117 197 1474 317 Lxxxmss
1505 248 1733 316 mvn.
1978 259 2093 329 ¹77

95 319 2093 403 ———..l-2—--————-—,-—-

97 453 233 538 psin
281 452 590 515 translati
641 448 857 534 postea
905 448 985 512 ad
1023 448 1320 511 homines
1354 417 1667 520 ‘indoctos
1703 448 2085 514 studiorum·
2121 453 2436 512 .U.c.668.

96 556 207 678 :flue
243 535 454 597 rudes
502 545 972 620 pervenerunt.
1057 528 1252 613 Apud
1292 529 1415 592 hos
1459 547 1586 593 tam
1619 534 1925 617 indignos
1965 533 2085 595 ho·
2146 527 2222 578 Α·
2248 524 2315 580 C·
2339 524 2432 593 84·

122 619 275 700 pites
321 617 445 684 diu
495 617 621 678 sub
660 613 951 681 clavibus
995 612 1153 676 satis
1196 611 1525 696 incuy’ol'e
1569 614 1927 694 adservati3
1972 615 2085 678 dc-

100 698 271 772 inde,
340 713 554 783 quum
602 697 1032 759 Attalicorum
1088 713 1317 778 regum
1381 692 1606 758 studiis
1660 716 1860 780 opera
1917 698 2092 760 cele-

104 778 285 842 brium
327 782 739 864 scriptorum
776 776 1067 861 undique
1104 775 1692 858 conquirerentur‚
1738 779 1815 839 ab
1843 781 2092 864 ineptis

108 862 548 946 poffefforibus
609 861 680 922 in
738 860 962 921 foffam
1021 856 1355 942 quamdam
1407 857 1892 922 subterraneam
1943 875 2095 924 sunt

108 942 314 1006 abditiz
358 942 584 1007 donec
624 962 739 1004 eos
778 940 996 1028 longis
1033 936 1174 1023 post
1209 940 1620 1023 temporibus
1654 941 1915 1004 illorum
1946 963 2092 1005 suc-

105 1027 363 1089 caltores
408 1023 820 1111 Apelliconti
860 1021 1024 1104 Tejo
1064 1041 1290 1105 magna
1322 1024 1602 1105 pecunia
1629 1023 2091 1090 vendiderunt.

201 1149 406 1214 XLV..
451 1150 618 1210 Erat
650 1147 971 1210 librorum
1001 1146 1232 1232 magis,
1280 1167 1470 1229 quam
1507 1146 1922 1223 eruditioni8‚
1967 1146 2092 1210 stu·
2152 1166 2241 1222 Ea
2268 1161 2427 1221 νηί,

96 1228 298 1293 diosus
326 1232 386 1292 A
441 1226 721 1293 ‘elliconx
765 1243 977 1291 tamen
1004 1272 1023 1304 ‚
1069 1226 1245 1312 quod
1288 1229 1562 1292 solenne
1600 1227 1688 1292 est
1722 1230 1959 1292 talibus
1991 1231 2091 1291 in·
2115 1248 2404 1306 corrupta,
2424 1245 2476 1286 ee
2536 1238 2543 1245 ·

96 1312 321 1395 geniis5
412 1310 1130 1396 octrinaeopinionem
1164 1308 1549 1374 adfectabat.
1611 1313 1819 1395 Igitur
1848 1312 1979 1373 scri
2029 1327 2093 1376 ta
2117 1305 2476 1386 vfssf'vfflffl‘

100 1392 449 1456 Aristotelis
489 1392 740 1468 edidit,
801 1406 928 1454 tam
972 1391 1274 1477 ambiguo
1315 1391 1681 1469 beneficio,
1728 1408 1800 1455 ut
1840 1393 1948 1460 vix
2037 1395 2092 1454 i-
2115 1374 2286 1428 '⁶⁸¹⁰‘
2357 1441 2369 1482 Ι

99 1474 351 1555 judicari
400 1476 638 1560 possit,
701 1475 989 1538 satiusne
1033 1473 1272 1546 fuerit,
1333 1475 1599 1538 omnino
1699 1475 1892 1544 eriss'e
1940 1495 2092 1538 acu-

102 1557 288 1619 tillimi
333 1559 470 1620 viri
511 1557 816 1630 labores,
852 1579 950 1634 „an
994 1555 1428 1652 interpolatos
1466 1558 1615 1619 talis
1650 1499 1938 1619 bominis
1977 1579 2092 1618 au-

108 1637 255 1701 dacia
295 1639 424 1702 sub
461 1639 992 1728 praescriptione
1027 1652 1187 1700 tanti
1224 1637 1508 1726 nominis
1546 1640 1700 1723 legip
1775 1643 1933 1702 Nam
1971 1640 2087 1702 ille

115 1720 213 1781 situ
247 1734 608 1805 corrupta,
672 1735 779 1782 aut
810 1741 858 1784 ⁴a
895 1722 1098 1783 tineis
1137 1719 1320 1781 erosa
1360 1721 1748 1782 temerarius
1786 1720 2093 1783 emenda-

109 1812 193 1862 tor
230 1823 500 1888 quoquo
550 1801 747 1888 modo
796 1804 1247 1899 suppleverat:
1307 1799 1547 1864 deinde
1594 1803 1663 1863 in
1703 1803 1868 1864 alios
1909 1803 2093 1866 codi-

107 1899 207 1945 ces
236 1898 354 1946 tam
403 1906 558 1958 sua,
606 1887 794 1968 quam
827 1882 1216 1959 Aristotelis,
1265 1883 1462 1947 verba
1503 1884 1950 1968 inexplicabili
1986 1906 2095 1947 er-

42 1967 67 2032 l
112 1983 245 2026 rore
270 1966 776 2028 transcribenda
803 1980 1165 2029 curaverat.
1222 1966 1382 2027 Plus
1421 1966 1619 2029 etiam
1649 1964 1868 2050 postea
1898 1967 2092 2030 vitia-

115 2045 163 2105 ti
192 2047 259 2108 ab
288 2047 815 2133 exscriptoribus
859 2047 1017 2110 libri
1059 2063 1244 2121 sunt,
1304 2051 1803 2144 quumRomam
1840 2047 2094 2116 ‘delatos

107 2129 406 2210 Tyrannio
462 2130 607 2192 suis
659 2130 1043 2193 commentis
1090 2131 1397 2214 replevit.
1464 2129 1631 2193 hanc
1670 2129 1909 2193 deinde
1952 2130 2096 2194 edi-

101 2210 323 2273 tionem
356 2212 565 2285 nacti,
610 2212 724 2295 qui
760 2211 951 2273 libris
981 2211 1344 2275 vendendis
1386 2210 1707 2297 quaestum
1742 2207 2092 2288 faciebant,

101 2289 231 2353 dum
259 2295 324 2356 in
352 2292 812 2357 conducendis
841 2287 1156 2368 librariis,
1193 2296 1779 2380 comparandisque
1807 2289 1966 2356 cunr
1982 2316 2097 2356 ex-

102 2375 352 2459 emplari
397 2375 890 2449 voluminibus,
950 2376 1032 2437 ad
1068 2377 1319 2437 lucrum
1357 2378 1602 2460 magis,
1666 2397 1857 2462 quam
1899 2375 1979 2438 ad
2020 2372 2097 2435 fi-

98 2451 261 2531 dem,
302 2457 711 2542 respiciunt,
754 2457 846 2518 ita
883 2459 1311 2542 repleverunt
1346 2457 1637 2532 mendis,
1682 2472 1753 2520 ut
1786 2457 1911 2536 jam
1945 2470 2095 2519 ante

98 2539 256 2601 mille
296 2552 654 2603 sexcentos
689 2559 928 2612 annos,
987 2539 1143 2623 quid
1171 2539 1382 2637 pleris
1434 2562 1514 2602 ue
1543 2541 1708 2602 locis
1738 2539 1816 2602 ab
1846 2536 2094 2601 Aristo-

103 2621 212 2684 tele
247 2623 409 2685 effet
448 2621 806 2705 scriptum,
856 2620 1205 2706 disceptari
1252 2561 1687 2685 conlqueverit.

200 2728 439 2794 XLVI.
498 2726 637 2790 Sed
672 2729 748 2788 L.
785 2709 997 2800 Sulla,
1043 2749 1240 2811 quum
1270 2727 1549 2789 Athenis
1587 2729 1822 2791 dolore
1851 2727 2094 2813 pedum

2160 2744 2320 2802 Sana
2334 2739 2483 2796 doto-

114 2812 322 2872 tentari
370 2809 734 2893 coepiss'et‚
797 2807 1165 2892 Aedepsum
1213 2808 1555 2893 profectus
1600 2809 1722 2884 est,
1780 2810 2093 2874 Euboeae
2122 2833 2180 2870 re
2220 2813 2419 2885 pedum

116 2893 393 2975 oppidum
414 2935 434 2969 ,
481 2891 596 2952 ubi
625 2889 978 2953 calidarum
1012 2911 1320 2975 aquarum
1358 2892 1689 2976 scaturigo
1715 2908 1877 2964 erat,
1916 2891 2095 2975 quod
2122 2893 2401 2939 teneatur.

118 2971 343 3036 Herculis
379 2974 663 3035 lavacrum
696 2972 1148 3057 appellabant3
1191 2973 1685 3057 valetudinique
1716 2988 1782 3036 et
1805 2975 2095 3036 oblecta-

111 3053 246 3116 tioni
294 3076 456 3119 suae
503 3073 770 3136 operam
813 3052 1033 3129 dedit,
1098 3053 1442 3116 Baechicis
1498 3053 1855 3120 artificibus
1910 3055 2093 3117 addi-

113 3149 249 3198 ctus.
350 3142 612 3199 Interea
656 3137 967 3198 Lucullus
1020 3133 1159 3235 post
1209 3135 1693 3219 profectionem
1744 3138 1962 3200 Sullae
2014 3158 2095 3200 ex

119 3217 276 3295 Asia,
324 3240 454 3315 pro
496 3238 610 3279 sua
642 3217 1153 3292 mansuetudine,
1199 3231 1335 3279 tum
1375 3218 1556 3291 aliaS‚
1606 3237 1910 3315 quantum
1943 3234 2094 3303 pot·

123 3313 247 3373 erat,
289 3302 602 3364 civitates
630 3300 970 3373 allevabat,
1011 3315 1150 3363 tum
1171 3299 1527 3384 praecipue
1542 3301 1951 3382 Mitylenaeis
1980 3322 2092 3363 au-

121 3390 237 3442 otor
272 3397 418 3446 erat
435 3424 454 3457 ‚
499 3401 564 3444 ut
585 3423 602 3454 ‚
645 3385 832 3463 agnita
868 3380 1022 3462 culpa
1043 3424 1061 3455 ,
1107 3382 1425 3441 mediocrem
1445 3422 1462 3453 ‚
1505 3401 1640 3462 quae
1671 3381 1911 3462 impofi'ta
1946 3402 2089 3457 erat,

117 3463 345 3524 uuluam
380 3463 771 3544 persblverent.
821 3463 913 3523 Hi
948 3463 1026 3524 ab
1066 3463 1258 3526 initio
1294 3462 1508 3546 palam
1543 3460 1624 3524 ad
1650 3463 2095 3525 Mithridatem

112 3541 536 3626 desciverant,
582 3541 681 3604 M?
715 3544 1008 3628 Aquinio
1042 3544 1328 3628 turpiter
1361 3543 1665 3628 prodito,
1711 3544 2094 3608 diutiss'ime-
2137 3555 2142 3562 ‘

112 3647 217 3709 que
256 3627 627 3689 manserant
668 3625 739 3686 in
783 3625 1101 3709 partibus.
1159 3645 1246 3687 ne
1287 3623 1573 3710 digresso
1622 3626 1885 3709 quidem
1932 3647 2096 3709 rege

114 3709 598 3794 resipiscebant,
668 3707 828 3791 quin
891 3728 962 3769 se
1019 3707 1330 3770 Romanis
1391 3707 1589 3772 armis
1647 3725 2096 3793 opponerentz

204 3805 307 3854 tus
345 3789 891 3853 stolidiss'imorum
928 3788 1268 3856 bominum
1303 3789 1556 3852 animos
1592 3787 1785 3852 furor
1816 3809 2096 3875 occupa-

132 3888 305 3936 verat.

174 4074 246 4129 Ca
296 4114 313 4130 .
368 4072 539 4136 XLV.
591 4076 747 4132 Plut.
803 4073 1045 4131 Strabo.
1137 4075 1287 4150 Cap.
1335 4077 1540 4140 vat.
1603 4076 1759 4146 Plut,
1814 4076 2100 4151 stephan.

279 4163 357 4214 o,
398 4142 443 4196 1.
465 4163 519 4213 q.
546 4148 759 4218 p.425.
796 4139 953 4200 Plus.
989 4143 1215 4204 Lucull.
1252 4165 1308 4204 c.
1338 4146 1398 4208 8.

206 4228 525 4307 Supplem.
547 4232 680 4293 Liv.
710 4230 885 4292 Tom-
896 4229 1089 4293 XIII.
1654 4220 1733 4291 M
