2717 4667
651 271 766 339 13⁶
848 265 1239 336 memsn.
1297 223 1887 334 surrmumr.
1936 263 2085 328 Lm.
2117 253 2343 333 XLVI.
2387 281 2535 331 mc.

313 468 404 608 ξ..
416 484 619 613 οὸόὲἓὸ
644 493 909 623 ἓξῖηιιω
940 473 1189 551 fuiss'et,
1232 486 1372 536 tum
1399 465 1666 536 tertium
1695 492 1732 532 a
1761 470 2120 594 Thracibus
2164 473 2612 540 inflammatum

365 689 575 748 7033„
768 666 845 726 L.
889 663 979 728 lis
1031 658 1170 748 post
1219 649 1566 724 Arcathiae·
1602 672 1877 722 mortem
1914 658 2175 723 Taxiles
2223 649 2365 723 cum
2404 661 2611 746 impe.

287 756 606 817 Μανία-
647 744 750 807 rio
806 753 1143 831 praeerat,
1246 743 1351 815 ui,
1429 740 1923 805 Atheniensium
1971 741 2313 805 obsidione
2357 743 2609 818 audita,

280 831 619 902 sisprumr.
647 848 843 913 quum
876 823 1162 889 Elateam
1253 818 1511 885 hocidis
1543 820 1774 884 urbem
1808 822 2302 888 circumsideret
2321 866 2340 897 ,
2395 824 2618 909 copias

642 909 712 971 in
765 908 1044 972 Atticam
1078 903 1498 969 transducere
1544 897 1834 967 instituit.
1918 903 2220 967 Habebat
2240 919 2450 967 autem
2494 906 2615 968 sub

643 990 849 1074 signis
894 1002 1150 1052 centum
1239 984 1522 1059 editum,
1581 984 1807 1048 decem
1846 987 2132 1071 equitum
2162 980 2397 1060 millia,
2469 1006 2618 1048 cum

638 1071 987 1155 nonaginta
1034 1088 1113 1132 cu
1303 1089 1334 1129 s
1386 1067 1679 1145 falcatis3
1736 1086 1860 1152 per
1902 1087 1973 1130 se
2012 1066 2255 1130 validas
2292 1065 2372 1128 ad
2409 1066 2619 1153 quod..

638 1151 805 1218 libet
840 1152 1083 1226 bellum
1112 1150 1328 1222 vires,
1375 1148 1613 1211 nedum
1659 1148 1719 1210 si
1751 1148 2072 1212 Archelao
2110 1147 2508 1233 jungeretur.

307 1269 588 1330 Pirama
759 1260 864 1321 LI.
923 1255 1071 1353 Quo
1138 1255 1351 1317 minus
1410 1250 1936 1325 committendum
1998 1254 2175 1318 Sulla
2231 1267 2406 1315 ratus
2425 1293 2445 1329 ‚
2545 1267 2622 1320 ut

280 1355 556 1465 557!qu
639 1337 777 1425 'post
812 1353 1060 1424 captam
1099 1338 1328 1400 urbem
1366 1335 1448 1397 ad
1482 1335 1767 1432 reliquas
1809 1335 2200 1399 munitiones
2225 1341 2480 1420 tempus
2518 1350 2623 1398 te-

323 1409 463 1466 “uffl
639 1435 861 1494 reret,
906 1418 1238 1482 obsidioni
1284 1416 1454 1481 arcis
1488 1420 1836 1482 Curionem
1865 1416 2213 1501 praefecitz
2272 1416 2626 1479 Piraeeum
2691 1463 2692 1466 η

643 1502 909 1566 summis
933 1500 1185 1563 viribus
1216 1499 1632 1585 oppugnavit.
1661 1519 1873 1585 neque
1902 1499 2086 1584 prius
2112 1496 2371 1572 destitit,
2403 1519 2632 1594 quam,

639 1583 925 1668 repulsis
1006 1581 1314 1644 continuo
1382 1580 1664 1643 telorum
1708 1579 1918 1642 imbre
2026 1579 2580 1665 ropugnatoribus
2602 1622 2622 1653 ,

639 1665 810 1727 muri
857 1663 1144 1727 recentis
1186 1663 1465 1724 lunatam
1502 1674 1754 1749 partem
1790 1680 1994 1722 conve
2023 1661 2207 1724 leret.
2296 1660 2425 1722 Sed
2470 1681 2626 1724 cum

640 1761 862 1831 optato
893 1745 1141 1809 laboris
1179 1756 1421 1806 eventu
1449 1763 1577 1805 non
1616 1740 1818 1804 statim
1846 1741 2204 1826 praemium
2240 1741 2622 1826 etiamtspe-

637 1841 848 1890 ratum
908 1825 1133 1889 adfuit.
1218 1823 1479 1921 Quippe
1535 1824 1915 1890 interiorem
1961 1845 2216 1885 murum
2255 1822 2621 1886 Archelaus

638 1906 983 1971 struxerat:
1040 1920 1141 1979 et,
1189 1926 1372 1990 quasi
1418 1904 1733 1968 nihildum
1777 1917 1983 1966 actum
2028 1902 2239 1979 foret,
2284 1903 2625 1966 subeunda

638 2003 781 2053 erat
828 1987 1083 2073 integra
1137 1985 1640 2072 oppugnationis
1694 1987 1852 2048 alea.
1935 1990 2164 2071 Neque
2228 1985 2353 2048 hoc
2407 1986 2625 2049 semel

637 2084 830 2155 atque
865 2071 1107 2153 iterum,
1137 2067 1378 2130 factum
1419 2068 1547 2136 ess'e
1589 2065 1868 2140 dicitur,
1914 2066 2031 2129 sed
2071 2086 2145 2130 ea
2188 2064 2372 2129 fuiss'e
2412 2067 2625 2130 utris-

638 2172 768 2235 que
820 2148 1216 2214 defendendi
1277 2147 1685 2234 expugnandi
1734 2168 1815 2209 ue
1885 2148 2317 2221 contumacia,
2382 2161 2456 2211 ut
2500 2168 2624 2234 sex

635 2246 704 2295 et
751 2232 1024 2330 amplius
1074 2230 1244 2294 muri
1292 2169 1760 2320 perrumpendi
1794 2229 2101 2291 Romanis
2155 2242 2302 2293 ante
2352 2229 2626 2315 plenam

620 2315 972 2379 'victoriam
1005 2313 1274 2380 fuerint.

306 2433 384 2486 Ee
409 2450 569 2507 αμα.
747 2422 883 2482 L11.
929 2418 1252 2491 Tandem,
1325 2427 1600 2501 urgente
1657 2416 1866 2492 Sulla,
1927 2417 2220 2502 ipsisque
2286 2416 2620 2480 militibus

269 2512 422 2571 ΒΜ·
672 2522 746 2565 er
790 2503 951 2564 iram
976 2541 993 2574 ,
1059 2513 1161 2572 et,
1228 2499 1379 2584 quia
1435 2513 1795 2582 expugnato
1829 2499 2129 2562 ‘Piraeeo
2181 2512 2393 2561 cetera
2446 2497 2624 2561 belli

653 2582 920 2645 aciliora
965 2582 1112 2645 fore
1148 2579 1544 2650 credebant,
1599 2601 1792 2663 supra
1835 2579 2030 2643 fidem
2068 2579 2482 2643 humanarum
2510 2580 2627 2643 vi-

619 2665 788 2726 rium
827 2663 1153 2736 connisis,
1198 2660 1592 2731 Archelaus,
1635 2660 1702 2721 in
1737 2663 2037 2746 opposita
2081 2673 2372 2747 quaeque
2408 2682 2631 2730 ruen-

616 2746 780 2806 tium
834 2744 1059 2806 insana
1106 2742 1472 2828 pervicacia
1512 2741 1760 2815 victus,
1822 2744 2005 2805 ceffit
2041 2744 2227 2806 loco:
2294 2762 2498 2838 seque
2545 2745 2626 2804 in

616 2824 1020 2908 Munychiam
1080 2840 1146 2889 et
1200 2819 1638 2886 circumfluam
1698 2822 1892 2885 undis
1950 2824 2210 2886 Piraeei
2265 2843 2340 2885 re
2387 2845 2628 2887 ionem

614 2905 892 2990 recepit.
976 2905 1321 2977 Victores,
1386 2901 1707 2966 aedificiis
1763 2906 1970 2988 pleris
2019 2926 2101 2968 ue
2163 2905 2352 2967 incen
2404 2905 2471 2967 ’o
2537 2926 2627 2970 ac

616 2988 801 3049 ruina
846 2986 1082 3050 deletis
1106 3030 1124 3061 ,
1196 2989 1266 3047 in
1306 2986 1543 3069 quibus
1578 2999 1646 3046 et
1684 2987 1932 3048 navalia
2001 2999 2267 3058 uerunt,
2329 2999 2395 3047 et
2428 2989 2628 3051 cele-

612 3067 867 3130 bratum
920 3066 1218 3132 Philonis
1261 3067 1817 3129 armamentarium
1841 3111 1858 3141 ,
1921 3082 2093 3131 tanta
2127 3082 2265 3130 arte
2300 3065 2627 3130 distrihu-

613 3147 699 3210 tis
752 3149 1013 3233 spatiis,
1087 3164 1157 3213 ut
1202 3149 1385 3211 mille
1447 3147 1704 3209 navium
1766 3143 2251 3211 instrumentum
2295 3167 2364 3209 ca
2416 3164 2620 3225 eret,

613 3229 780 3291 ultra
840 3251 969 3291 non
1020 3244 1376 3314 potuerunt
1420 3228 1773 3313 progredi,
1860 3231 2034 3314 quod
2084 3243 2296 3314 neque
2344 3249 2379 3290 c
2407 3231 2631 3293 affem

610 3310 966 3385 haberent,
1027 3331 1240 3398 neque
1280 3311 1421 3376 sine
1455 3309 1728 3372 navibus
1779 3312 1965 3395 sequi
2014 3311 2398 3375 Archelaum
2443 3334 2631 3396 pos-

614 3408 780 3455 sent.
866 3395 1109 3476 Igitur,
1172 3393 1396 3455 omiss'o
1434 3391 1589 3463 illo,
1637 3393 2018 3476 relictisque
2059 3390 2314 3455 idoneis
2347 3395 2627 3476 praesi-

614 3474 781 3548 diis,
852 3476 928 3537 L.
980 3474 1155 3539 Sulla
1205 3477 1346 3536 cum
1397 3471 1639 3550 majore
1699 3487 1882 3557 parte
1920 3475 2243 3537 exercitus
2292 3487 2358 3536 et
2388 3476 2658 3540 Grae-.

612 3575 837 3619 corum
870 3557 1264 3640 populorum
1313 3553 1609 3625 auxiliis,
1670 3568 1740 3615 ut
1779 3555 2063 3618 venienti
2111 3575 2284 3618 novo
2321 3554 2630 3621 hostium.

608 3637 934 3701 exercitui
975 3652 1355 3703 occurreret
1377 3679 1398 3714 ,
1440 3634 1508 3696 in
1536 3636 1875 3699 Boeotiam
1916 3637 2272 3701 contendit.

562 3859 571 3868 -
679 3823 823 3896 Cap·
855 3825 921 3879 1..
946 3823 1112 3894 ,3³lut.
1145 3820 1291 3879 Sull.
1330 3822 1581 3876 Paucas.
1617 3823 1768 3878 Plut.
1843 3823 2101 3900 capu.
2138 3825 2391 3898 Appian.
2430 3825 2627 3885 Flor-

606 3891 678 3959 3,
707 3894 762 3948 ὅ.
814 3896 988 3954 Oros.
1025 3895 1095 3962 6,
1139 3909 1192 3946 a.
1277 3890 1586 3971 Gap-Lu.
1644 3891 1897 3966 Appian.
1944 3896 2096 3953 Plut.
2144 3894 2399 3969 Appian.
2436 3893 2632 3953 Plut-

605 3960 865 4034 Apptnn.
900 3961 1052 4020 Plin.
1079 3981 1137 4032 7,
1170 3961 1265 4029 37.
1300 3959 1556 4033 Appiam
1591 3959 1745 4016 Plut.

1409 4145 1412 4154 “
1513 4145 1532 4175 ⁴.
1803 4167 1812 4174 .
