2717 4667
604 191 723 254 ωδ
783 146 1339 257 rnatum-mm
1372 189 2191 261 SUPPLEMENTORUM
2215 197 2361 262 Lm.
2389 202 2523 264 Lu.

288 397 359 455 U.
380 415 430 452 c.
451 399 572 467 670.
603 397 843 458 laboris
876 397 1124 464 strenue
1157 403 1368 464 navati
1398 402 1732 479 haberent,
1774 407 2004 468 urbem
2044 419 2290 490 captam
2329 426 2364 465 a
2394 404 2567 464 mili-

288 469 547 527 A·C·3²·
601 479 773 542 tibus
816 480 1013 565 diripi
1051 485 1257 566 paffus
1295 483 1403 546 est.
1992 509 2001 526 ⁹
2044 496 2061 521 ⁸
2242 519 2249 526 ·

722 587 830 652 VI.
897 588 1027 649 Sed
1065 610 1196 650 non
1236 591 1402 652 sicut
1439 585 1779 677 indulgens
1822 593 1889 653 in
1921 577 2360 655 benemeritos
2384 635 2402 665 ‚
2470 592 2567 672 sic

602 668 794 728 etiam
829 669 1257 733 insolentibus
1295 669 1460 733 lenis
1501 688 1606 738 aut
1643 676 1967 759 propitius
2005 676 2149 737 fuit.
2215 672 2573 747 Mediolani

602 749 957 812 trucidatus
997 751 1223 832 injuss'u
1259 775 1375 815 suo
1413 769 1669 818 senatus
1708 755 2220 840 fue1·at:'‚eaque
2260 757 2445 838 culpa
2490 754 2572 813 ad

189 851 198 864 ¹
266 842 411 908 Eius
432 831 836 909 ‚arbmultos
891 834 1273 916 pertinebat.
1324 896 1331 903 ,
1376 836 1722 919 Pompeius
1777 838 2015 920 igitur,
2078 845 2203 918 'ne¹
2236 837 2574 899 tumultum

230 921 457 981 regemn.
599 927 957 987 moverent,
1004 914 1059 974 si
1096 917 1219 976 soli
1259 931 1704 992 evocarentur,
1748 921 2018 993 veritus,
2041 918 2428 994 ,universum
2459 921 2573 977 ex‘-

602 994 878 1055 ercitum
905 995 1114 1059 adeffe
1141 997 1206 1056 in
1235 1000 1613 1060 concionem
1637 999 1826 1079 juffit.
1913 1002 2021 1068 Sic
2047 1011 2380 1072 nocentes,
2418 997 2571 1082 quia

599 1092 743 1135 cum
780 1078 1073 1138 omnibus
1112 1080 1306 1148 acciti=
1340 1075 1558 1154 erant,
1618 1081 1981 1166 aliudquid
2018 1083 2187 1144 velle
2220 1081 2573 1164 imperato-

598 1175 738 1216 rem
773 1159 931 1231 rati‚
992 1157 1370 1222 adfuerunte
1428 1176 1493 1223 et
1540 1174 1756 1223 cetera
1802 1185 1954 1248 pars
1995 1163 2356 1234 exercitus,
2404 1180 2569 1242 quae

595 1258 756 1321 pura
793 1240 868 1299 ab
906 1239 1019 1299 illo
1057 1242 1327 1304 crimine
1366 1255 1538 1314 erat,
1632 1241 1909 1328 ostquam
1944 1243 2269 1308 intellecta
2311 1262 2422 1303 res
2459 1240 2569 1313 est,

596 1332 770 1382 tanto
822 1320 1302 1403 diligentiorem
1356 1324 1425 1383 in
1474 1265 1905 1388 cutfodiendis
1947 1327 2079 1387 reis
2117 1321 2576 1409 praestiterunt

600 1413 895 1484 operam3
940 1422 1021 1464 ne
1055 1403 1315 1472 illorum
1345 1404 1497 1488 fuga
1528 1406 1678 1481 sibi,
1724 1420 2038 1491 tamquam
2076 1406 2359 1468 consciis
2398 1402 2573 1483 ejus-

600 1481 745 1545 dem
789 1504 1028 1556 noxae,
1076 1484 1520 1569 imputaretur.

248 1593 575 1661 Suttaaem.
719 1591 856 1652 VII.
919 1590 1183 1651 Interim
1227 1594 1301 1651 L.
1345 1593 1519 1653 Sulla
1568 1579 1957 1677 compulsum
2006 1589 2187 1654 intra'
2210 1575 2576 1653 Praenesti-

211 1665 437 1747 ”fstff'wy
475 1667 572 1719 '⁰b·
599 1689 829 1731 norum
871 1672 1124 1732 moenia
1159 1674 1433 1732 Marium
1482 1674 1966 1737 circumvallare
2010 1687 2347 1757 coeperat,
2420 1674 2576 1756 quia

209 1731 407 1814 '‘MP“
464 1735 573 1787 L*
598 1765 872 1834 propter
917 1753 1045 1813 loci
1086 1763 1371 1814 naturam
1414 1757 1764 1838 expugnari
1802 1758 1995 1817 armis
2020 1755 2359 1838 nequibat.
2423 1775 2569 1813 nam

123 1851 138 1872 ⁸
197 1812 566 1934 §52222'2m1’m‘
601 1854 793 1915 supra
821 1834 1074 1895 -urbem
1127 1855 1310 1897 mons
1369 1836 1654 1898 excelsus
1713 1837 1781 1898 in
1836 1838 2233 1900 altitudinem
2294 1835 2572 1977 amzlius

383 1902 405 1937 '
595 1915 879 1997 paffuum
921 1915 1342 1980 ducentorum
1383 1919 1839 2001 quinquaginta
1881 1918 2344 2000 consurgebat:
2454 1933 2570 1977 aec

595 2016 710 2054 arx
757 2009 895 2057 erat
943 1997 1262 2060 civitatis:
1325 2011 1392 2059 et
1436 2000 1514 2060 ab
1558 1999 1816 2061 diversa
1856 2014 2043 2087 parte
2085 1997 2568 2061 continentibus

591 2075 782 2158 jugis·
812 2076 1066 2159 angusta
1120 2079 1380 2141 cervice
1430 2080 1833 2177 jungebatur.
1918 2083 2124 2165 Igitur
2166 2081 2387 2142 foffam
2431 2079 2569 2142 val-

589 2158 852 2241 lumque
891 2179 926 2220 e
967 2163 1072 2221 lon
1123 2160 1321 2245 inquo
1367 2162 1516 2235 duci
1550 2155 1755 2241 Juss'it:
1828 2166 2146 2247 operique
2192 2161 2571 2224 Lucretium

592 2238 876 2307 Ofellam
921 2262 1076 2326 prae
1110 2245 1275 2317 ecit,
1342 2245 1623 2326 equitem
1669 2247 2058 2316 Romanum,
2127 2244 2237 2329 qui
2278 2259 2492 2327 nu'per
2531 2259 2571 2304 e

595 2322 1016 2385 Carbonianis
1052 2326 1340 2408 partibus
1378 2326 1457 2386 ad
1493 2347 1562 2389 se
1601 2327 2105 2410 transfugerats

196 2458 200 2475 ¹
284 2443 571 2519 Vitupera.
715 2428 880 2491 VIII.
941 2430 1011 2492 Id
1055 2432 1396 2495 consilium
1437 2455 1471 2493 a
1513 2432 1894 2516 quibusdam
1933 2423 2393 2519 reprehensum
2439 2431 2568 2507 est,

222 2525 338 2568 tur.
589 2529 721 2576 non
759 2511 1275 2596 improbabiliter
1309 2516 1791 2599 quaerentibus,
1844 2536 1941 2574 cur
1981 2538 2008 2573 e
2040 2535 2124 2576 tot
2155 2519 2399 2596 egregiis,
2437 2537 2573 2594 quos

592 2596 734 2652 circa
765 2593 827 2674 Je
862 2594 1081 2654 habebat
1101 2638 1118 2667 ‚
1179 2600 1318 2660 viris
1369 2601 1624 2655 neminem
1643 2640 1660 2670 ‚
1704 2595 1808 2678 fid
1855 2595 2128 2679 obst-urum
2179 2616 2234 2655 et
2279 2593 2569 2655 ianobilem

590 2673 865 2747 hominem,
909 2675 981 2733 ad
1012 2695 1193 2736 tantae
1228 2680 1310 2735 rei
1341 2677 1688 2755 ministerium
1725 2676 2039 2760 delegiffit?
2089 2696 2231 2737 certe
2260 2647 2573 2760 fiediffimi

583 2755 844 2837 propositi
882 2756 1140 2839 confiium
1176 2757 1399 2818 humiles
1436 2764 1617 2839 potius
1657 2778 1711 2819 et
1737 2758 2006 2839 servituti
2037 2773 2262 2840 paratos
2299 2758 2573 2819 extollere

593 2834 844 2917 voluisse,
903 2857 938 2895 a
968 2838 1118 2898 bonis
1162 2843 1301 2901 viris
1345 2841 1490 2900 haud
1537 2860 1698 2921 aeque
1738 2857 2046 2920 promptum
2083 2840 2157 2906 ad
2193 2844 2376 2920 turpia
2413 2840 2572 2919 obfi-

592 2920 777 2997 quium
813 2917 1215 3000 exspectantem.
1300 2919 1412 2985 Illa
1462 2942 1720 3006 quoque
1769 2922 1972 2984 cauffa
2013 2921 2261 2984 subeffe
2301 2922 2575 3005 putaba-

540 3029 548 3038 ·
593 3012 737 3071 tur,
792 3020 874 3061 ne
907 3000 1294 3084 praestantes
1328 3004 1567 3064 virtute
1604 3022 1676 3063 ac
1715 3003 2050 3068 nobilitate
2083 3002 2379 3066 homines
2411 3023 2579 3066 con-

595 3080 891 3142 siliorum
939 3081 1386 3168 gestorumque
1427 3083 1677 3149 laudem
1719 3082 1799 3148 ad
1837 3105 1908 3146 se
1943 3085 2386 3162 retraherent3
2458 3106 2576 3148 re-

595 3149 979 3247 publicaque
1033 3163 1349 3237 restituta,
1393 3167 1553 3250 ‘pari
1610 3186 1752 3228 cum
1802 3166 1915 3229 illo
1964 3167 2105 3247 jure
2154 3165 2405 3230 censeri
2460 3188 2576 3230 ae·-

475 3255 488 3268 ‘
593 3263 792 3329 quum
843 3259 1163 3342 putarent.
1249 3248 1436 3313 Viles
1491 3267 1650 3334 ergo
1699 3248 1972 3310 malebat
1987 3269 2007 3325 ;
2076 3248 2228 3331 qui,
2288 3248 2575 3311 modicis

590 3325 899 3421 praemiis
949 3328 1272 3401 contenti,
1348 3329 1579 3392 famam
1632 3331 2113 3417 potentiamque
2165 3328 2437 3392 solidam
2490 3330 2576 3392 ad

530 3445 534 3452 ·
592 3423 1049 3493 imperatorem
1081 3411 1611 3476 transmitterent.

715 3513 822 3578 lx.
884 3514 1015 3576 Sed
1046 3515 1262 3598 paullo
1296 3531 1476 3590 ante,
1523 3538 1715 3600 quum
1753 3515 2267 3580 adversariorum
2301 3537 2572 3602 appara-

589 3593 763 3658 tibus
812 3597 1649 3683 omnis·1talia¹streperet‚'
1689 3612 1752 3662 et
1787 3598 2085 3682 ingentes
2120 3599 2339 3682 paffim
2377 3620 2570 3664 exer-

584 3675 751 3739 citus
788 3692 1012 3742 contra
1049 3699 1118 3739 se
1154 3678 1425 3744 ducibus
1461 3680 1725 3742 minime
1760 3680 2248 3742 contemnendis
2283 3682 2568 3743 concita-

531 3791 538 3804 ·
583 3769 812 3822 rentur
825 3779 846 3840 3
905 3761 1216 3847 optimum
1260 3781 1581 3850 quemque
1626 3759 2246 3848 honestiffimumque
2287 3763 2568 3825 maximo

599 3909 798 4017 ‘'Cap.
835 3945 938 4003 VI.
991 3948 1263 4003 Frontin.
1309 3967 1373 4015 ι,
1413 3966 1468 4016 9.
1552 3933 1697 4023 Cap.
1734 3951 1866 4005 VII.
1923 3934 2176 4023 Appian.
2229 3946 2356 4002 Liv.
2407 3941 2570 4022 Epit.

549 4009 554 4016 ’
592 4013 828 4072 Stmbo.
857 4014 898 4067 l.
930 4017 985 4072 5.
1016 4032 1078 4085 p.
1110 4017 1230 4072 238.
1269 4017 1313 4070 A
1407 4018 1523 4073 ian.
1557 4012 1711 4076 Plut.
1753 4019 1876 4075 Liv.
1910 4018 2065 4094 Epit.
2094 4018 2182 4077 88.
2218 4018 2370 4076 Veu.
2395 4035 2447 4086 ο,
2478 4036 2565 4088 27.
2606 4073 2613 4076 .

590 4082 734 4157 Cap.
770 4074 929 4141 v'111.
970 4086 1083 4143 Dio
1114 4085 1272 4161 apud
1407 4103 1490 4145 es.

2606 161 2613 170 ¹
2704 151 2705 198 1
