<?xml version="1.0" encoding="UTF-8"?>
<!DOCTYPE html PUBLIC "-//W3C//DTD XHTML 1.0 Transitional//EN"
    "http://www.w3.org/TR/xhtml1/DTD/xhtml1-transitional.dtd">
<html xmlns="http://www.w3.org/1999/xhtml" xml:lang="en" lang="en">
 <head>
  <title>
</title>
<meta http-equiv="Content-Type" content="text/html;charset=utf-8" />
  <meta name='ocr-system' content='tesseract 3.04.00' />
  <meta name='ocr-capabilities' content='ocr_page ocr_carea ocr_par ocr_line ocrx_word'/>
</head>
<body>
  <div class='ocr_page' id='page_1' title='image "./tliviipatavinih14unkngoog_0228.png"; bbox 0 0 2717 4667; ppageno 0'>
   <div class='ocr_carea' id='block_1_1' title="bbox 607 161 2517 302">
    <p class='ocr_par' dir='ltr' id='par_1_1' title="bbox 607 161 2517 302">
     <span class='ocr_line' id='line_1_1' title="bbox 607 161 2517 302; baseline 0.001 -47"><span class='ocrx_word' id='word_1_1' title='bbox 607 211 724 256; x_wconf 57' lang='grc' dir='ltr'><strong>Μ</strong></span> <span class='ocrx_word' id='word_1_2' title='bbox 804 161 1204 302; x_wconf 61' lang='lat' dir='ltr'><strong>rantum.</strong></span> <span class='ocrx_word' id='word_1_3' title='bbox 1225 164 2047 278; x_wconf 62' lang='lat' dir='ltr'><strong>snPPLEnENToRUM</strong></span> <span class='ocrx_word' id='word_1_4' title='bbox 2072 169 2218 255; x_wconf 42' lang='grc' dir='ltr'><strong>[ΑΒ.</strong></span> <span class='ocrx_word' id='word_1_5' title='bbox 2236 197 2362 255; x_wconf 78' lang='lat' dir='ltr'><strong>Lu.</strong></span> <span class='ocrx_word' id='word_1_6' title='bbox 2383 193 2517 257; x_wconf 64' lang='lat' dir='ltr'><strong>mc.</strong></span> 
     </span>
    </p>
   </div>
   <div class='ocr_carea' id='block_1_2' title="bbox 374 367 2553 488">
    <p class='ocr_par' dir='ltr' id='par_1_2' title="bbox 374 367 2553 488">
     <span class='ocr_line' id='line_1_2' title="bbox 374 367 2553 488; baseline 0.002 -31"><span class='ocrx_word' id='word_1_7' title='bbox 374 420 425 456; x_wconf 84' lang='lat' dir='ltr'><strong>c.</strong></span> <span class='ocrx_word' id='word_1_8' title='bbox 459 401 582 465; x_wconf 80' lang='lat'><strong>6¹70.</strong></span> <span class='ocrx_word' id='word_1_9' title='bbox 607 415 749 462; x_wconf 83' lang='lat' dir='ltr'><strong>tur:</strong></span> <span class='ocrx_word' id='word_1_10' title='bbox 804 420 1017 484; x_wconf 87' lang='lat' dir='ltr'><strong>neque</strong></span> <span class='ocrx_word' id='word_1_11' title='bbox 1043 400 1136 463; x_wconf 84' lang='lat' dir='ltr'><strong>ad</strong></span> <span class='ocrx_word' id='word_1_12' title='bbox 1176 367 1480 462; x_wconf 73' lang='lat' dir='ltr'><strong>suinmam</strong></span> <span class='ocrx_word' id='word_1_13' title='bbox 1522 401 1669 484; x_wconf 88' lang='lat' dir='ltr'><strong>plus</strong></span> <span class='ocrx_word' id='word_1_14' title='bbox 1705 413 1956 483; x_wconf 79' lang='lat' dir='ltr'><strong>septem</strong></span> <span class='ocrx_word' id='word_1_15' title='bbox 1994 399 2366 464; x_wconf 72' lang='lat' dir='ltr'><strong>cohortibus</strong></span> <span class='ocrx_word' id='word_1_16' title='bbox 2403 398 2553 488; x_wconf 78' lang='lat' dir='ltr'><strong>apud</strong></span> 
     </span>
    </p>
   </div>
   <div class='ocr_carea' id='block_1_3' title="bbox 260 404 1354 566">
    <p class='ocr_par' dir='ltr' id='par_1_3' title="bbox 260 404 1354 566">
     <span class='ocr_line' id='line_1_3' title="bbox 260 404 1354 566; baseline 0.006 -28"><span class='ocrx_word' id='word_1_17' title='bbox 260 404 340 528; x_wconf 52' lang='lat' dir='ltr'><strong>‘AJ-</strong></span> <span class='ocrx_word' id='word_1_18' title='bbox 372 473 441 530; x_wconf 83' lang='lat' dir='ltr'><strong>C·</strong></span> <span class='ocrx_word' id='word_1_19' title='bbox 476 465 567 527; x_wconf 57' lang='grc' dir='ltr'><strong>ὼ·</strong></span> <span class='ocrx_word' id='word_1_20' title='bbox 609 482 837 545; x_wconf 83' lang='lat' dir='ltr'><strong>ducem</strong></span> <span class='ocrx_word' id='word_1_21' title='bbox 877 497 1354 566; x_wconf 84' lang='lat' dir='ltr'><strong>permanerent.</strong></span> 
     </span>
    </p>
   </div>
   <div class='ocr_carea' id='block_1_4' title="bbox 222 610 2570 1812">
    <p class='ocr_par' dir='ltr' id='par_1_4' title="bbox 222 610 2570 1812">
     <span class='ocr_line' id='line_1_4' title="bbox 635 610 2558 695; baseline 0 -21"><span class='ocrx_word' id='word_1_22' title='bbox 635 647 638 649; x_wconf 56' lang='lat'>&gt;</span> <span class='ocrx_word' id='word_1_23' title='bbox 728 614 871 674; x_wconf 85' lang='lat' dir='ltr'><strong>XX.</strong></span> <span class='ocrx_word' id='word_1_24' title='bbox 914 613 1102 675; x_wconf 86' lang='lat' dir='ltr'><strong>Irrita</strong></span> <span class='ocrx_word' id='word_1_25' title='bbox 1134 612 1366 674; x_wconf 78' lang='lat' dir='ltr'><strong>Marcii</strong></span> <span class='ocrx_word' id='word_1_26' title='bbox 1410 610 1739 694; x_wconf 80' lang='lat' dir='ltr'><strong>expeditio</strong></span> <span class='ocrx_word' id='word_1_27' title='bbox 1776 615 1863 672; x_wconf 87' lang='grc' dir='ltr'><strong>Μ.</strong></span> <span class='ocrx_word' id='word_1_28' title='bbox 1898 612 2357 695; x_wconf 82' lang='lat' dir='ltr'><strong>Lamponium‚</strong></span> <span class='ocrx_word' id='word_1_29' title='bbox 2398 614 2558 674; x_wconf 88' lang='lat' dir='ltr'><strong>Pon-</strong></span> 
     </span>
     <span class='ocr_line' id='line_1_5' title="bbox 251 689 2556 776; baseline -0.002 -17"><span class='ocrx_word' id='word_1_30' title='bbox 251 705 583 759; x_wconf 71' lang='lat' dir='ltr'><strong>St‘mt‘h‘eeree</strong></span> <span class='ocrx_word' id='word_1_31' title='bbox 610 693 771 755; x_wconf 90' lang='lat' dir='ltr'><strong>tium</strong></span> <span class='ocrx_word' id='word_1_32' title='bbox 808 689 1212 768; x_wconf 73' lang='lat' dir='ltr'><strong>Telesinam,</strong></span> <span class='ocrx_word' id='word_1_33' title='bbox 1278 697 1533 757; x_wconf 86' lang='lat' dir='ltr'><strong>Guttam</strong></span> <span class='ocrx_word' id='word_1_34' title='bbox 1572 694 1973 776; x_wconf 78' lang='lat' dir='ltr'>Capuanum,</span> <span class='ocrx_word' id='word_1_35' title='bbox 2034 694 2291 754; x_wconf 86' lang='lat' dir='ltr'><strong>Italicos</strong></span> <span class='ocrx_word' id='word_1_36' title='bbox 2339 689 2556 767; x_wconf 69' lang='lat' dir='ltr'><strong>duces,</strong></span> 
     </span>
     <span class='ocr_line' id='line_1_6' title="bbox 222 773 2560 858; baseline -0 -21"><span class='ocrx_word' id='word_1_37' title='bbox 222 775 403 830; x_wconf 75' lang='lat' dir='ltr'><strong>Italici</strong></span> <span class='ocrx_word' id='word_1_38' title='bbox 414 774 581 852; x_wconf 50' lang='lat' dir='ltr'><strong>‘lum&#39;-</strong></span> <span class='ocrx_word' id='word_1_39' title='bbox 610 776 938 847; x_wconf 82' lang='lat' dir='ltr'><strong>accendit,</strong></span> <span class='ocrx_word' id='word_1_40' title='bbox 987 791 1056 837; x_wconf 82' lang='lat' dir='ltr'><strong>ut</strong></span> <span class='ocrx_word' id='word_1_41' title='bbox 1095 796 1175 839; x_wconf 87' lang='lat' dir='ltr'><strong>eo</strong></span> <span class='ocrx_word' id='word_1_42' title='bbox 1208 775 1523 858; x_wconf 84' lang='lat' dir='ltr'><strong>promtius</strong></span> <span class='ocrx_word' id='word_1_43' title='bbox 1566 773 1644 833; x_wconf 85' lang='lat' dir='ltr'><strong>ad</strong></span> <span class='ocrx_word' id='word_1_44' title='bbox 1685 774 1983 835; x_wconf 84' lang='lat' dir='ltr'><strong>auxilium</strong></span> <span class='ocrx_word' id='word_1_45' title='bbox 2011 775 2199 835; x_wconf 87' lang='lat' dir='ltr'><strong>Marii</strong></span> <span class='ocrx_word' id='word_1_46' title='bbox 2228 795 2560 836; x_wconf 87' lang='lat' dir='ltr'><strong>concurre-</strong></span> 
     </span>
     <span class='ocr_line' id='line_1_7' title="bbox 606 854 2559 942; baseline 0 -25"><span class='ocrx_word' id='word_1_47' title='bbox 606 871 775 919; x_wconf 83' lang='lat' dir='ltr'><strong>rent.</strong></span> <span class='ocrx_word' id='word_1_48' title='bbox 862 863 1088 939; x_wconf 80' lang='lat' dir='ltr'><strong>Neque</strong></span> <span class='ocrx_word' id='word_1_49' title='bbox 1130 854 1532 942; x_wconf 80' lang='lat' dir='ltr'><strong>spernendae</strong></span> <span class='ocrx_word' id='word_1_50' title='bbox 1569 854 1672 915; x_wconf 82' lang='lat' dir='ltr'><strong>his</strong></span> <span class='ocrx_word' id='word_1_51' title='bbox 1710 857 1928 928; x_wconf 82' lang='lat' dir='ltr'><strong>vires,</strong></span> <span class='ocrx_word' id='word_1_52' title='bbox 1990 876 2057 916; x_wconf 87' lang='lat' dir='ltr'><strong>se</strong></span> <span class='ocrx_word' id='word_1_53' title='bbox 2108 857 2388 938; x_wconf 80' lang='lat' dir='ltr'><strong>tuaginta</strong></span> <span class='ocrx_word' id='word_1_54' title='bbox 2428 857 2559 917; x_wconf 88' lang='lat' dir='ltr'><strong>mil-</strong></span> 
     </span>
     <span class='ocr_line' id='line_1_8' title="bbox 553 934 2562 1009; baseline -0.001 -10"><span class='ocrx_word' id='word_1_55' title='bbox 553 959 562 966; x_wconf 61' lang='lat'><em>*</em></span> <span class='ocrx_word' id='word_1_56' title='bbox 606 938 694 999; x_wconf 91' lang='lat' dir='ltr'><strong>lia</strong></span> <span class='ocrx_word' id='word_1_57' title='bbox 740 944 1160 1009; x_wconf 80' lang='lat' dir='ltr'><strong>armatorum,</strong></span> <span class='ocrx_word' id='word_1_58' title='bbox 1227 951 1430 999; x_wconf 84' lang='lat' dir='ltr'><strong>erant.</strong></span> <span class='ocrx_word' id='word_1_59' title='bbox 1517 934 1648 998; x_wconf 89' lang='lat' dir='ltr'><strong>Sed</strong></span> <span class='ocrx_word' id='word_1_60' title='bbox 1693 936 1802 997; x_wconf 88' lang='lat' dir='ltr'><strong>ubi</strong></span> <span class='ocrx_word' id='word_1_61' title='bbox 1845 936 1965 998; x_wconf 91' lang='lat' dir='ltr'><strong>hos</strong></span> <span class='ocrx_word' id='word_1_62' title='bbox 2012 939 2356 999; x_wconf 67' lang='lat' dir='ltr'><strong>a&#39;ventare</strong></span> <span class='ocrx_word' id='word_1_63' title='bbox 2402 938 2562 999; x_wconf 87' lang='lat' dir='ltr'><strong>Sulla</strong></span> 
     </span>
     <span class='ocr_line' id='line_1_9' title="bbox 607 1016 2564 1101; baseline 0.001 -22"><span class='ocrx_word' id='word_1_64' title='bbox 607 1021 948 1101; x_wconf 84' lang='lat' dir='ltr'><strong>cognovit,</strong></span> <span class='ocrx_word' id='word_1_65' title='bbox 1012 1020 1243 1101; x_wconf 87' lang='lat' dir='ltr'><strong>quibus</strong></span> <span class='ocrx_word' id='word_1_66' title='bbox 1291 1019 1456 1081; x_wconf 82' lang='lat' dir='ltr'><strong>locis</strong></span> <span class='ocrx_word' id='word_1_67' title='bbox 1498 1016 1767 1077; x_wconf 77' lang='lat' dir='ltr'><strong>maxime</strong></span> <span class='ocrx_word' id='word_1_68' title='bbox 1807 1032 1979 1088; x_wconf 74' lang='lat' dir='ltr'><strong>areta</strong></span> <span class='ocrx_word' id='word_1_69' title='bbox 2015 1030 2162 1080; x_wconf 87' lang='lat' dir='ltr'><strong>sunt</strong></span> <span class='ocrx_word' id='word_1_70' title='bbox 2192 1017 2462 1090; x_wconf 86' lang='lat' dir='ltr'><strong>itinera,</strong></span> <span class='ocrx_word' id='word_1_71' title='bbox 2504 1032 2564 1080; x_wconf 91' lang='lat' dir='ltr'><strong>et</strong></span> 
     </span>
     <span class='ocr_line' id='line_1_10' title="bbox 604 1095 2559 1171; baseline -0.002 -9"><span class='ocrx_word' id='word_1_72' title='bbox 604 1100 957 1163; x_wconf 80' lang='lat' dir='ltr'><strong>neceffario</strong></span> <span class='ocrx_word' id='word_1_73' title='bbox 1001 1100 1456 1161; x_wconf 88' lang='lat' dir='ltr'><strong>transeundum</strong></span> <span class='ocrx_word' id='word_1_74' title='bbox 1498 1095 1781 1160; x_wconf 83' lang='lat' dir='ltr'><strong>hostibus</strong></span> <span class='ocrx_word' id='word_1_75' title='bbox 1826 1112 1993 1171; x_wconf 89' lang='lat' dir='ltr'><strong>erat,</strong></span> <span class='ocrx_word' id='word_1_76' title='bbox 2041 1096 2236 1159; x_wconf 86' lang='lat' dir='ltr'><strong>castra</strong></span> <span class='ocrx_word' id='word_1_77' title='bbox 2279 1113 2559 1170; x_wconf 86' lang='lat' dir='ltr'><strong>metatus,</strong></span> 
     </span>
     <span class='ocr_line' id='line_1_11' title="bbox 601 1180 2564 1264; baseline -0.002 -21"><span class='ocrx_word' id='word_1_78' title='bbox 601 1180 832 1243; x_wconf 81' lang='lat' dir='ltr'><strong>frustra</strong></span> <span class='ocrx_word' id='word_1_79' title='bbox 905 1196 1289 1264; x_wconf 81' lang='lat' dir='ltr'><strong>quaerentes</strong></span> <span class='ocrx_word' id='word_1_80' title='bbox 1367 1181 1604 1244; x_wconf 87' lang='lat' dir='ltr'><strong>aditum</strong></span> <span class='ocrx_word' id='word_1_81' title='bbox 1675 1180 1966 1241; x_wconf 79' lang='lat' dir='ltr'><strong>exclusit.</strong></span> <span class='ocrx_word' id='word_1_82' title='bbox 2092 1181 2382 1242; x_wconf 86' lang='lat' dir='ltr'><strong>Proinde</strong></span> <span class='ocrx_word' id='word_1_83' title='bbox 2440 1185 2564 1241; x_wconf 86' lang='lat' dir='ltr'><strong>Ma-</strong></span> 
     </span>
     <span class='ocr_line' id='line_1_12' title="bbox 602 1261 2564 1346; baseline 0 -24"><span class='ocrx_word' id='word_1_84' title='bbox 602 1262 782 1336; x_wconf 85' lang='lat' dir='ltr'><strong>rius,</strong></span> <span class='ocrx_word' id='word_1_85' title='bbox 857 1264 1130 1337; x_wconf 90' lang='lat' dir='ltr'><strong>nullam,</strong></span> <span class='ocrx_word' id='word_1_86' title='bbox 1196 1264 1323 1323; x_wconf 88' lang='lat' dir='ltr'><strong>nisi</strong></span> <span class='ocrx_word' id='word_1_87' title='bbox 1376 1264 1445 1323; x_wconf 83' lang='lat' dir='ltr'><strong>in</strong></span> <span class='ocrx_word' id='word_1_88' title='bbox 1498 1282 1568 1324; x_wconf 91' lang='lat' dir='ltr'><strong>se</strong></span> <span class='ocrx_word' id='word_1_89' title='bbox 1616 1261 1798 1344; x_wconf 89' lang='lat' dir='ltr'><strong>ipso,</strong></span> <span class='ocrx_word' id='word_1_90' title='bbox 1876 1283 1904 1322; x_wconf 90' lang='lat' dir='ltr'><strong>s</strong></span> <span class='ocrx_word' id='word_1_91' title='bbox 1956 1280 2056 1321; x_wconf 90' lang='lat' dir='ltr'><strong>em</strong></span> <span class='ocrx_word' id='word_1_92' title='bbox 2110 1263 2426 1346; x_wconf 86' lang='lat' dir='ltr'><strong>reliquam</strong></span> <span class='ocrx_word' id='word_1_93' title='bbox 2473 1264 2564 1324; x_wconf 87' lang='lat' dir='ltr'><strong>vi-</strong></span> 
     </span>
     <span class='ocr_line' id='line_1_13' title="bbox 602 1284 2567 1428; baseline 0.001 -24"><span class='ocrx_word' id='word_1_94' title='bbox 602 1343 799 1416; x_wconf 87' lang='lat' dir='ltr'><strong>dens,</strong></span> <span class='ocrx_word' id='word_1_95' title='bbox 868 1344 1039 1408; x_wconf 85' lang='lat' dir='ltr'><strong>inter</strong></span> <span class='ocrx_word' id='word_1_96' title='bbox 1093 1345 1402 1428; x_wconf 86' lang='lat' dir='ltr'><strong>oppidum</strong></span> <span class='ocrx_word' id='word_1_97' title='bbox 1449 1357 1516 1405; x_wconf 93' lang='lat' dir='ltr'><strong>et</strong></span> <span class='ocrx_word' id='word_1_98' title='bbox 1568 1363 1765 1424; x_wconf 86' lang='lat' dir='ltr'><strong>opera</strong></span> <span class='ocrx_word' id='word_1_99' title='bbox 1811 1284 2025 1404; x_wconf 61' lang='lat' dir='ltr'><strong>Sulliae</strong></span> <span class='ocrx_word' id='word_1_100' title='bbox 2061 1342 2367 1426; x_wconf 87' lang='lat' dir='ltr'><strong>(spatium</strong></span> <span class='ocrx_word' id='word_1_101' title='bbox 2409 1343 2567 1406; x_wconf 84' lang='lat' dir='ltr'><strong>enim</strong></span> 
     </span>
     <span class='ocr_line' id='line_1_14' title="bbox 603 1422 2566 1509; baseline -0.002 -21"><span class='ocrx_word' id='word_1_102' title='bbox 603 1425 761 1488; x_wconf 84' lang='lat' dir='ltr'><strong>satis</strong></span> <span class='ocrx_word' id='word_1_103' title='bbox 790 1446 1086 1509; x_wconf 84' lang='lat' dir='ltr'><strong>magnum</strong></span> <span class='ocrx_word' id='word_1_104' title='bbox 1115 1428 1462 1505; x_wconf 81' lang='lat' dir='ltr'><strong>intererat)</strong></span> <span class='ocrx_word' id='word_1_105' title='bbox 1497 1422 1816 1486; x_wconf 85' lang='lat' dir='ltr'><strong>castellum</strong></span> <span class='ocrx_word' id='word_1_106' title='bbox 1848 1422 2151 1486; x_wconf 80' lang='lat' dir='ltr'><strong>exstruxit</strong></span> <span class='ocrx_word' id='word_1_107' title='bbox 2170 1467 2187 1497; x_wconf 90' lang='lat'>,</span> <span class='ocrx_word' id='word_1_108' title='bbox 2232 1424 2566 1487; x_wconf 86' lang='lat' dir='ltr'><strong>machinis-</strong></span> 
     </span>
     <span class='ocr_line' id='line_1_15' title="bbox 607 1503 2570 1591; baseline -0.001 -24"><span class='ocrx_word' id='word_1_109' title='bbox 607 1528 733 1590; x_wconf 87' lang='lat' dir='ltr'><strong>que</strong></span> <span class='ocrx_word' id='word_1_110' title='bbox 777 1503 843 1568; x_wconf 85' lang='lat' dir='ltr'><strong>et</strong></span> <span class='ocrx_word' id='word_1_111' title='bbox 880 1508 1088 1591; x_wconf 84' lang='lat' dir='ltr'><strong>copiis</strong></span> <span class='ocrx_word' id='word_1_112' title='bbox 1127 1509 1220 1569; x_wconf 90' lang='lat' dir='ltr'><strong>ibi</strong></span> <span class='ocrx_word' id='word_1_113' title='bbox 1254 1505 1610 1581; x_wconf 87' lang='lat' dir='ltr'><strong>collocatis,</strong></span> <span class='ocrx_word' id='word_1_114' title='bbox 1652 1506 2064 1588; x_wconf 79' lang='lat' dir='ltr'><strong>eruptionem</strong></span> <span class='ocrx_word' id='word_1_115' title='bbox 2093 1508 2386 1582; x_wconf 77' lang='lat' dir='ltr'><strong>tentavit.</strong></span> <span class='ocrx_word' id='word_1_116' title='bbox 2447 1506 2570 1567; x_wconf 86' lang='lat' dir='ltr'><strong>Sed</strong></span> 
     </span>
     <span class='ocr_line' id='line_1_16' title="bbox 606 1586 2565 1674; baseline 0.001 -27"><span class='ocrx_word' id='word_1_117' title='bbox 606 1609 804 1671; x_wconf 90' lang='lat' dir='ltr'><strong>quum</strong></span> <span class='ocrx_word' id='word_1_118' title='bbox 846 1610 969 1672; x_wconf 90' lang='lat' dir='ltr'><strong>per</strong></span> <span class='ocrx_word' id='word_1_119' title='bbox 1012 1591 1378 1672; x_wconf 84' lang='lat' dir='ltr'><strong>complures</strong></span> <span class='ocrx_word' id='word_1_120' title='bbox 1426 1589 1570 1650; x_wconf 86' lang='lat' dir='ltr'><strong>dies</strong></span> <span class='ocrx_word' id='word_1_121' title='bbox 1611 1586 2041 1672; x_wconf 76' lang='lat' dir='ltr'><strong>nequidquam</strong></span> <span class='ocrx_word' id='word_1_122' title='bbox 2088 1608 2160 1649; x_wconf 91' lang='lat' dir='ltr'><strong>se</strong></span> <span class='ocrx_word' id='word_1_123' title='bbox 2205 1589 2565 1674; x_wconf 82' lang='lat' dir='ltr'><strong>fatigasset,</strong></span> 
     </span>
     <span class='ocr_line' id='line_1_17' title="bbox 606 1667 2303 1754; baseline 0.001 -22"><span class='ocrx_word' id='word_1_124' title='bbox 606 1684 996 1754; x_wconf 57' lang='lat' dir='ltr'><strong>accurrentev</strong></span> <span class='ocrx_word' id='word_1_125' title='bbox 1028 1673 1238 1745; x_wconf 87' lang='lat' dir='ltr'><strong>Sulla,</strong></span> <span class='ocrx_word' id='word_1_126' title='bbox 1282 1672 1451 1733; x_wconf 90' lang='lat' dir='ltr'><strong>intra</strong></span> <span class='ocrx_word' id='word_1_127' title='bbox 1478 1667 1820 1733; x_wconf 83' lang='lat' dir='ltr'><strong>Praeneste</strong></span> <span class='ocrx_word' id='word_1_128' title='bbox 1863 1670 2156 1754; x_wconf 84' lang='lat' dir='ltr'><strong>repulsus</strong></span> <span class='ocrx_word' id='word_1_129' title='bbox 2197 1668 2303 1734; x_wconf 83' lang='lat' dir='ltr'><strong>est.</strong></span> 
     </span>
     <span class='ocr_line' id='line_1_18' title="bbox 1540 1783 1565 1812; baseline 0 0"><span class='ocrx_word' id='word_1_130' title='bbox 1540 1783 1565 1812; x_wconf 70' lang='grc' dir='ltr'>Ι</span> 
     </span>
    </p>
   </div>
   <div class='ocr_carea' id='block_1_5' title="bbox 676 1853 2111 1934">
    <p class='ocr_par' dir='ltr' id='par_1_5' title="bbox 676 1853 2111 1934">
     <span class='ocr_line' id='line_1_19' title="bbox 676 1853 2111 1934; baseline 0.001 -25"><span class='ocrx_word' id='word_1_131' title='bbox 676 1856 820 1928; x_wconf 83' lang='lat' dir='ltr'><strong>Cap.</strong></span> <span class='ocrx_word' id='word_1_132' title='bbox 856 1856 979 1911; x_wconf 85' lang='lat' dir='ltr'><strong>XX.</strong></span> <span class='ocrx_word' id='word_1_133' title='bbox 1020 1856 1174 1912; x_wconf 85' lang='lat' dir='ltr'><strong>Plut.</strong></span> <span class='ocrx_word' id='word_1_134' title='bbox 1208 1857 1466 1932; x_wconf 75' lang='lat' dir='ltr'><strong>Appian.</strong></span> <span class='ocrx_word' id='word_1_135' title='bbox 1500 1855 1627 1914; x_wconf 80' lang='lat' dir='ltr'><strong>Liv.</strong></span> <span class='ocrx_word' id='word_1_136' title='bbox 1650 1856 1827 1934; x_wconf 59' lang='lat' dir='ltr'><strong>Epiu</strong></span> <span class='ocrx_word' id='word_1_137' title='bbox 1857 1853 2111 1929; x_wconf 79' lang='lat' dir='ltr'><strong>Appian.</strong></span> 
     </span>
    </p>
   </div>
   <div class='ocr_carea' id='block_1_6' title="bbox 2673 1211 2684 1890">
    <p class='ocr_par' dir='ltr' id='par_1_6' title="bbox 2673 1211 2684 1890">
     <span class='ocr_line' id='line_1_20' title="bbox 2673 1211 2684 1890; baseline 0 0"><span class='ocrx_word' id='word_1_138' title='bbox 2673 1211 2684 1890; x_wconf 95' lang='lat' dir='ltr'><strong> </strong></span> 
     </span>
    </p>
   </div>
  </div>
 </body>
</html>
