2717 4667
573 260 665 323 ιΝ
705 258 1010 325 Locum
1049 260 1229 324 Lm·
1253 260 1476 331 cvm.
1521 230 1753 326 mvn.
2034 276 2159 339 707
2200 208 2205 211 V

169 469 411 532 dicium
454 454 525 533 C.
562 472 860 536 Marcelli
899 471 1187 534 consulis
1228 471 1583 555 designati,
1630 491 1823 557 quem
1862 475 1951 532 M.
1982 469 2150 531 Cali-
2216 461 2282 518 U·
2316 478 2371 517 0·
2398 478 2530 532 721.

164 552 314 613 dius
345 550 802 635 postulaverat,
848 554 1243 637 competitor
1272 553 1449 633 ejus»,
1496 558 1611 617 sed
1645 556 1967 636 repulsam
2003 574 2149 636 pas·
2213 533 2285 591 A·
2320 534 2389 591 G·
2417 532 2510 589 5¹·

165 655 277 696 sus
301 677 318 708 ‚
364 649 431 697 et
470 637 740 716 insuper
779 646 1111 697 accusatu}
1156 657 1191 695 a
1230 635 1484 698 duobus
1527 636 1781 699 Galliis.

292 759 587 821 XXXIV.
635 757 947 845 Tandem,
988 758 1759 845 adsentientePompejo,
1801 773 1947 820 ante
1981 757 2152 819 diem
2198 768 2539 825 senatuscon-

165 840 385 924 pridie
414 841 732 902 Kalendas
769 840 1097 903 Octobres
1135 836 1693 904 sendtusconsulta
1725 855 1872 904 sunt
1902 841 1969 903 in
1993 840 2154 902 haec
2178 839 2385 920 sultuna
2408 836 2480 918 ᾖε

168 923 372 984 verba
413 923 820 1006 perscripta:
874 921 1049 1005 Qod
1090 923 1185 984 M.
1220 923 1536 984 Marcellus
1582 924 1763 1004 confisl
1809 922 1976 985 verba
2011 924 2152 1005 fecit
2177 915 2533 982 W’mm‘m*

172 1005 242 1064 de
288 1008 586 1084 provinciis
636 1003 1041 1087 consularibus,
1102 1005 1171 1065 de
1210 1024 1271 1064 ea
1313 1027 1377 1065 re
1417 1012 1498 1064 ita
1536 1007 1896 1087 censuerunt,
1953 1010 2038 1065 uti
2080 1007 2151 1065 L.

173 1085 407 1146 Paullus
426 1127 443 1157 ‚
495 1087 565 1148 C.
605 1084 917 1147 Marcellus
954 1085 1190 1169 confides
1208 1128 1225 1159 ‚
1283 1108 1448 1169 quum
1488 1087 1860 1170 magistratum
1901 1086 2116 1168 inissent
2134 1128 2159 1160 ,

173 1170 243 1227 de
279 1166 663 1248 consularibus
714 1171 1014 1249 provinciis
1065 1168 1139 1228 ad
1171 1168 1423 1250 senatum
1467 1171 1784 1252 referrent:
1820 1181 1980 1243 ‘neve
2021 1169 2159 1250 quid

167 1252 333 1330 prius
374 1270 445 1308 ex
471 1247 743 1309 Kalendis
772 1248 1036 1323 Martiis,
1086 1271 1215 1313 neve
1252 1251 1387 1333 quid
1415 1254 1740 1332 conjunctim
1784 1253 1854 1313 de
1889 1271 1949 1310 ea
1978 1272 2038 1310 re
2066 1271 2159 1310 re-

162 1331 430 1414 ferretur
455 1351 487 1388 a
512 1329 846 1412 consulibus:
893 1335 1081 1413 utique
1122 1333 1239 1412 ejus
1281 1337 1366 1391 rei
1403 1330 1577 1413 cauffiz
1612 1350 1716 1413 per
1754 1335 1871 1394 dies
1913 1335 2159 1393 comitia-

174 1413 254 1472 les
279 1412 531 1494 senatum
559 1410 841 1485 habereut,
874 1411 1203 1495 senatusque
1239 1411 1539 1494 consultum
1560 1413 1846 1495 facerent:
1888 1433 1965 1487 et,
1991 1433 2160 1495 quum

175 1514 238 1553 ea
278 1495 348 1554 de
389 1514 452 1552 re
491 1495 564 1554 ad
591 1492 847 1576 senatum
887 1493 1203 1576 referretur
1238 1516 1272 1553 a
1307 1493 1645 1576 consulibus,
1691 1502 1930 1578 equitum
1957 1497 2158 1557 Roma-

176 1597 389 1648 norum,
436 1578 630 1656 quiin
672 1579 926 1636 trecentis
953 1576 1239 1656 judicibus
1280 1566 1468 1656 effem,
1497 1575 1609 1718 sex
1643 1579 1912 1640 adducere
1945 1578 2156 1641 liceret.

178 1659 238 1717 Si
280 1658 414 1739 quid
457 1659 524 1718 de
564 1677 625 1717 ea
666 1678 729 1716 re
769 1657 843 1717 ad
879 1657 1142 1739 populum
1183 1656 1454 1738 plebemve
1523 1679 1613 1717 ato
1667 1677 1800 1741 opus
1839 1657 1999 1739 effer,
2075 1661 2162 1716 uti

161 1740 302 1799 'Seru
335 1738 608 1820 Sulpicius
627 1781 644 1811 ,
691 1739 791 1800 M.
822 1738 1138 1800 Marcellus
1170 1738 1408 1820 cpnsules
1428 1782 1443 1810 ‚
1482 1756 1800 1820 praetores,
1848 1740 2162 1819 tribunique
2234 1756 2239 1763 ’

129 1867 141 1881 .
170 1820 366 1903 plebia,
410 1820 604 1902 quibus
638 1841 822 1879 eorum
853 1822 1162 1896 videretur,
1208 1824 1281 1881 ad
1312 1820 1567 1902 populum
1602 1823 1870 1904 plebemve
1887 1822 2120 1904 ferrent
2142 1839 2162 1879 .·

175 1903 322 1985 quod
345 1907 389 1962 ii
423 1924 530 1962 uon
557 1900 825 1982 tuliffeut,
871 1906 977 1977 uti,
1022 1905 1335 1986 quicumque
1363 1903 1609 1987 deinceps
1637 1903 1822 1986 effi’nt,
1850 1906 2107 1993 firreut.

296 2010 565 2084 XXXV.
621 2010 1045 2096 Ad'scriptum
1086 2023 1265 2083 erat.
1308 2000 1563 2092 senatum
1604 2011 1908 2090 existimare
1926 2054 1944 2085 ,
1986 2011 2158 2071 nemi-
2213 2020 2434 2076 Tribuni
2445 2023 2563 2092 qui-

175 2116 296 2156 nem
332 2114 518 2155 eorum
540 2134 557 2167 ,
615 2098 710 2175 qui
747 2092 1059 2178 potestatem
1099 2091 1289 2154 habeat
1328 2093 1741 2167 intercedendi,
1791 2091 2158 2175 impediendi,
2185 2090 2314 2143 dan·
2333 2092 2555 2148 interce-

178 2197 386 2238 moram
440 2174 669 2256 adferre
717 2192 970 2256 oportere
987 2218 1006 2248 ,
1070 2186 1192 2256 qua¹
1231 2177 1412 2257 minus
1452 2175 1520 2234 de
1565 2176 1838 2255 republica
1879 2177 2162 2256 quampri-
2187 2158 2345 2216 αἴθ’·

181 2280 328 2319 mum
378 2258 453 2318 ad
497 2255 751 2337 senatum
806 2256 1014 2338 refhrri
1036 2298 1053 2328 ‚
1103 2253 1779 2337 fi’uat'usque,cor1ficltum
1809 2252 1944 2334 fieri
1978 2251 2163 2336 poffit.

176 2345 272 2423 qui
289 2339 619 2422 impedierit,
641 2359 760 2400 eum
768 2339 1020 2421 senatum
1038 2336 1344 2415 existimare
1361 2357 1554 2398 contra
1574 2337 1953 2417 rempublicam
1953 2333 2166 2419 feciffi’.

27 2442 38 2453 ‘
97 2428 100 2431 ’
165 2419 229 2505 fi
260 2444 385 2504 ques
425 2421 548 2481 huic
575 2418 1042 2504 senatusconsulto
1081 2415 1445 2498 interceffirit
1465 2461 1482 2492 ,
1515 2418 1735 2502 senatui
1771 2417 1986 2500 placere
2005 2460 2023 2489 ,
2065 2438 2168 2476 au-

180 2508 493 2578 ctoritatem
532 2501 799 2584 perscribi
816 2545 833 2576 ,
881 2521 937 2562 et
971 2501 1039 2560 de
1074 2520 1139 2560 ea
1177 2520 1238 2558 re
1278 2500 1351 2558 ad
1381 2498 1632 2580 senatum
1678 2499 2035 2578 populumque
2073 2518 2170 2557 re-

164 2585 347 2670 ferri.
379 2646 382 2649 ,
431 2584 605 2646 Huic
643 2582 1205 2647 senatusconsulto
1244 2581 1603 2646 intercess'it
1642 2584 1713 2644 C.
1745 2582 2061 2662 Coelius.
2087 2581 2166 2641 L.

181 2665 483 2731 Vinicius
508 2708 525 2738 ‚
569 2669 647 2727 P.
678 2662 1059 2743 Cornelius,
1106 2665 1177 2726 C.
1210 2663 1446 2728 Vibius
1474 2667 1705 2738 Pansa,
1749 2662 1997 2726 tribuni
2024 2663 2170 2747 ple-

178 2751 309 2812 bis.
392 2750 590 2810 Item:
628 2750 880 2809 «Senatui
916 2747 1164 2828 placere,
1221 2745 1290 2804 de
1327 2746 1632 2820 militibus,
1688 2749 1783 2826 qui
1822 2749 1882 2805 in
1921 2749 2169 2805 exercitu

185 2834 258 2894 C.
297 2826 549 2912 Caesaris
595 2827 733 2911 ficut
751 2872 770 2902 ,
829 2833 925 2910 qui
976 2846 1161 2887 eorum
1202 2824 1480 2909 stipendia
1531 2832 1757 2905 emerita
1796 2845 1898 2887 aut
1939 2825 2164 2907 cauffm,

179 2911 379 2994 quibus
419 2911 489 2971 de
526 2908 717 2990 ca'tffis
760 2906 899 2988 unffi
930 2906 1062 2989 fieri
1102 2907 1367 2982 debeant,
1412 2908 1673 2982 habeant,
1717 2911 1792 2970 ad
1830 2908 1968 2969 huuc
2007 2909 2168 2968 ordi-

172 3014 303 3163 ,φέρω
357 2992 608 3076 referri.
673 2990 768 3055 ut'
799 3011 986 3054 eorum
1045 2995 1191 3053 ratio
1247 2989 1512 3053 habeatur
1529 3032 1549 3069 ‚
1610 2989 1916 3073 cauffaeque
1973 3009 2166 3074 coguo-

210 3095 431 3138 cantur.

2553 3134 2562 3153 1

302 3183 596 3248 xxxvl.
651 3185 809 3246 Item
905 3205 942 3247 e
962 3226 981 3259 ‚
1028 3184 1254 3246 Senatui
1290 3183 1505 3266 placere
1543 3185 1605 3243 in
1646 3181 1897 3244 Ciliciam
1922 3185 2168 3263 provin·
2223 3190 2558 3245 senatuscon-

183 3269 319 3327 ciam
336 3307 354 3338 ‚
409 3283 465 3324 et
498 3268 559 3323 in
596 3284 714 3325 octo
747 3287 811 3327 re
833 3273 988 3349 iquas
1021 3270 1326 3347 provincias
1343 3309 1361 3341 ‚
1406 3285 1538 3346 quas
1566 3266 1840 3346 praetorii
1869 3281 1974 3345 pro
2000 3282 2166 3343 prae·
2193 3260 2393 3314 tultum
2426 3259 2489 3342 ᾖ*

182 3368 307 3409 tore
340 3345 688 3420 obtinerent,
745 3369 831 3407 eos
869 3353 965 3429 qui
998 3367 1280 3428 praetores
1298 3351 1546 3431 fuerunt
1564 3389 1582 3420 ‚
1634 3366 1800 3426 neque
1840 3350 1899 3405 in
1935 3349 2165 3425 provin·
2192 3341 2495 3412 Frfl‘fwffsss
2550 3362 2553 3369 ·

182 3434 267 3489 cia
304 3449 425 3489 cum
460 3432 686 3510 imperio
713 3428 959 3512 fuerunt
981 3472 998 3503 ,
1059 3451 1190 3511 quos
1217 3448 1414 3488 ‘eorum
1449 3449 1517 3487 ex
1541 3426 2011 3508 senatusconsulto
2050 3447 2169 3486 cum
2194 3411 2511 3491 f'wm‘m'

179 3515 410 3592 imperio
444 3514 504 3570 in
537 3514 842 3590 provincias
880 3528 983 3592 pro
1016 3530 1269 3592 praetore
1307 3513 1458 3569 mitti
1494 3527 1775 3590 oporteret
1793 3552 1810 3582 ‚
1869 3530 1956 3567 eos
1996 3512 2170 3567 sorti-

183 3612 243 3653 to
280 3597 339 3652 in
370 3596 682 3671 provincias
713 3596 864 3652 mitti
893 3593 1126 3673 placere.
1159 3590 1220 3673 [τ’
1247 3614 1317 3652 ex
1350 3613 1411 3650 eo
1445 3610 1699 3662 nurnero,
1743 3612 1874 3670 quos
1911 3611 1982 3648 ex
2005 3588 2171 3670 fiua-
2350 3596 2363 3621 ⁸

181 3673 516 3754 tuscousulto
550 3678 607 3733 in
633 3676 944 3754 provincias
971 3678 1054 3734 ire
1082 3692 1380 3752 oporteret,
1427 3672 1501 3731 ad
1533 3692 1816 3732 numerum
1849 3692 1955 3731 uon
1988 3668 2170 3751 efferet,

181 3760 280 3838 qui
322 3759 389 3814 iu·
422 3775 509 3814 eas
543 3756 866 3833 provincias
880 3753 1359 3838 proficiscerentur
1380 3775 1421 3834 3¹
1451 3773 1565 3813 tum
1603 3757 1690 3812 uti
1725 3753 1972 3833 quodque
2007 3752 2173 3813 colle-

169 3843 328 3921 gium
361 3840 600 3920 primu-n
635 3856 955 3917 praetorum
992 3836 1156 3919 estet,
1202 3856 1319 3898 tum
1365 3838 1611 3916 deinceps
1646 3839 1889 3914 proximi
1922 3835 2076 3912 cujus

176 3919 432 4003 collegii,
496 3923 593 3999 qui
628 3937 909 3999 praetores
937 3918 1177 4003 fitiffi‘ut
1195 3962 1213 3994 ‚
1276 3939 1447 4000 neque
1490 3921 1550 3978 in
1589 3921 1900 4000 provincias
1938 3855 2185 3999 1)νοῙὲσῖῑὶ

181 4109 403 4238 ·b·‘.³1³¹'d
430 4108 693 4168 xxxm.
751 4106 877 4165 cic.
926 4083 1002 4165 a'a
1044 4106 1210 4165 Fam.
1242 4106 1314 4176 e,
1347 4109 1404 4177 4.
1472 4103 1562 4161 m.
1595 4101 1744 4159 ihm.
1776 4076 1828 4174 '9.
1868 4106 2006 4174 Μ.
2077 4101 2171 4165 ιᾱ,

179 4197 197 4231 ι
250 4197 270 4235 ι
316 4215 333 4233 .
406 4216 425 4237 .
899 4240 904 4253 ι
1522 4246 1664 4342 Yy
1709 4269 1752 4319 ²
1960 4222 1965 4231 .
