2717 4667
606 229 732 280 που
806 212 1372 302 raemfflenn
1403 157 2233 308 surrssmmromm
2262 216 2412 277 Lm.
2439 213 2517 278 L.

269 416 339 471 U·
365 433 417 471 c·
445 417 549 490 669
599 418 922 482 alacribus
956 419 1122 484 saltu
1141 464 1163 495 ‚
1207 440 1354 484 cum
1383 418 1726 484 velocibus
1761 418 1950 482 cursu
1972 462 1991 493 ‚
2022 437 2181 483 eum
2212 419 2451 484 validis
2476 441 2595 485 ve-

267 486 338 541 A·
358 486 535 547 c.83.
599 514 704 565 cte
737 500 1043 566 certabat.
1113 503 1287 568 Belli
1321 522 1580 586 quoque
1612 502 1863 566 incerta
1896 515 2043 564 ante
2080 503 2594 587 experimentum

595 580 869 724 inffienio
908 598 976 647 et
1013 586 1439 648 meditatione
1476 582 1931 667 praecipien8‚
1974 581 2428 650 tantusflatim
2466 583 2598 647 dux

597 683 678 736 ex
728 665 871 738 itit,
936 681 1041 740 ut,
1105 680 1344 753 quanto
1397 679 1692 749 tempore
1736 665 1848 727 vix
1892 678 2184 763 paratum
2232 667 2599 729 exercitum

595 745 760 808 alius
805 749 1186 831 accepiffet,
1247 747 1386 832 ipse
1434 748 1689 832 privato
1732 745 2013 809 consilio
2066 745 2391 810 delectum
2432 768 2600 811 con-

526 880 541 898 „
592 817 867 900 fecerit,
911 830 1284 915 militesque
1323 843 1604 893 armatos
1643 827 1946 891 eduxerit
1983 825 2062 888 ad
2091 845 2391 912 pugnam.
2458 836 2598 893 Ne-

567 971 572 976 .
689 930 724 971 e
770 910 1050 973 latebras
1093 926 1201 974 aut
1245 912 1427 984 avia,
1539 911 1731 972 uibus
1772 909 2107 993 ignoratus
2148 924 2463 1006 tutusque
2518 911 2603 974 ad

596 929 840 1053 guillam
876 994 1295 1075 perveniret,
1341 1006 1477 1056 sect
1562 1006 1726 1054 atur.
1782 992 1991 1075 palam
2022 991 2354 1068 incedens,
2401 1016 2601 1078 quas-

595 1091 890 1157 cumque,
918 1074 1093 1137 inter
1139 1074 1424 1139 eundum
1458 1073 1781 1156 ³regionea
1835 1072 2225 1158 attingebat,
2287 1073 2370 1138 ad
2417 1096 2604 1159 com-

595 1163 856 1217 munem
895 1158 1165 1220 causs'am
1196 1155 1524 1226 adducere
1559 1155 1911 1220 nitebatur.

255 1297 347 1351 Aa
363 1297 576 1353 Sullano
720 1286 893 1352 XIV.
953 1288 1134 1350 Haec
1179 1286 1297 1368 ubi
1332 1288 1605 1349 Romam
1647 1286 1898 1369 perlata
1937 1300 2089 1349 sunt
2108 1328 2128 1361 ‚
2192 1287 2343 1372 quia
2395 1309 2603 1372 supra

210 1368 574 1439 proficiscens,
599 1363 794 1429 fidem
839 1384 1024 1431 erant
1066 1382 1337 1432 aetatem
1378 1369 1595 1453 potius
1630 1368 1965 1451 Pompeji,
2030 1389 2219 1451 quam
2265 1369 2600 1447 indolem,

596 1448 1096 1525 aestimantium,
1141 1464 1466 1536 tamquam
1497 1451 1740 1535 ineptis
1775 1451 2032 1513 nunciis
2071 1452 2140 1511 in
2174 1450 2378 1531 majus
2411 1466 2607 1516 aucta

596 1532 1093 1615 spernebantur.
1175 1531 1330 1607 sed,
1394 1530 1799 1628 posteaquam
1849 1532 2138 1594 certiore
2188 1532 2357 1595 fama
2402 1534 2607 1597 inno-

594 1626 899 1689 tuerunt,
958 1627 1219 1678 senatus
1265 1617 1533 1678 Jumum
1578 1617 1851 1676 Brutum
1902 1611 2232 1698 proficisci
2282 1614 2604 1680 adversus

559 1694 781 1756 -illum
819 1695 1013 1777 jussit.
1095 1698 1237 1759 Jam
1288 1710 1356 1759 et
1405 1697 1746 1768 Carrinas,
1807 1708 1874 1758 et
1905 1695 2211 1769 Coelius,
2269 1714 2417 1758 cum
2461 1700 2603 1761 suis

596 1775 878 1861 quisque
900 1777 1118 1861 copiis
1140 1820 1159 1850 ‚
1206 1777 1420 1840 eidem
1460 1795 1530 1838 se
1568 1776 1851 1840 diversis
1890 1797 1971 1854 eg
1998 1777 2293 1873 partibus
2330 1778 2603 1860 objece-

283 1875 345 1926 1..
381 1873 574 1929 mm„
598 1871 762 1918 rant.
848 1858 1088 1941 Igitur,
1129 1858 1343 1921 tribus
1384 1857 1721 1922 hostilibus
1759 1858 2156 1922 exercitibus
2194 1860 2488 1936 cinctus,
2535 1864 2605 1924 in

201 1940 442 1998 Brutum
457 1946 575 1999 vin·
597 1942 871 2022 Brutum
913 1959 1157 2001 summa
1194 1941 1260 2001 vi
1296 1940 1648 2003 convertit.
1730 1940 1939 2002 Primi
1974 1942 2299 2024 utrimque
2332 1943 2604 2026 equites

197 2012 300 2072 cit.
351 2079 358 2088 ¹
597 2036 1111 2084 concurrerunt=
1171 2043 1318 2083 nam
1355 2021 1683 2086 Gallicum
1723 2022 2078 2105 equitatum
2107 2025 2350 2085 Brutus
2394 2024 2609 2088 addu-

485 2135 491 2142 ·
596 2112 801 2164 xerat.
878 2101 1004 2176 ibi,
1064 2118 1420 2189 provectus
1465 2117 1613 2166 ante
1655 2104 1840 2187 signa
1876 2102 2293 2178 adolescens„
2348 2099 2608 2192 insig'ni

593 2182 843 2246 robore
880 2184 1136 2247 Gallum
1158 2229 1176 2261 ,
1231 2185 1343 2272 qui
1387 2200 1456 2248 et
1490 2183 1628 2269 ipse
1666 2206 1746 2248 ex
1782 2184 2037 2248 diversa
2068 2185 2206 2246 acie
2236 2207 2610 2270 procurre-

593 2280 736 2339 rat,
794 2266 1018 2328 lancea
1069 2267 1392 2350 dejectum
1444 2266 1800 2330 interfecit.
1863 2259 2036 2330 finde
2087 2267 2284 2328 timor
2340 2269 2612 2334 incessit
2662 2305 2663 2308 ¹

593 2345 883 2410 hostibus
906 2391 924 2421 ‚
970 2364 1035 2412 et
1068 2362 1225 2413 moi
1250 2349 1439 2432 fuga3
1500 2369 1895 2432 suorumque
1935 2351 2005 2411 in
2046 2348 2250 2411 aciem
2288 2345 2608 2435 impacti,

594 2429 886 2514 peditem
925 2445 1185 2518 quoque
1219 2433 1548 2494 turbatum
1583 2444 1983 2494 averterunt.
2071 2432 2183 2492 Sic
2216 2430 2373 2494 fuso
2402 2434 2611 2496 Bruti

596 2513 928 2587 exercitu,
988 2535 1185 2598 quum
1238 2513 1413 2582 inter
1465 2513 1758 2597 reliquos
1814 2511 2016 2580 duces
2067 2526 2209 2574 orta
2261 2511 2615 2577 discordia

598 2593 786 2667 estet,
855 2594 1018 2657 alius
1067 2598 1226 2679 alio⁶
1246 2593 1854 2657 castra·moverunt.
1937 2594 2289 2679 Pompeius
2320 2616 2369 2657 o
2419 2597 2611 2680 pida,

598 2672 876 2771 discell'u
912 2696 1139 2740 eorum
1175 2676 1530 2766 praesidiis
1566 2674 1822 2752 nudata,
1866 2676 2197 2741 voluntate
2231 2677 2388 2741 inco
2416 2700 2617 2742 arum

597 2772 876 2842 recepit.
1159 2799 1164 2804 -

278 2917 410 2970 M„
460 2871 575 2974 Sei·
721 2880 867 2945 XV.
911 2884 1065 2943 Mox
1087 2880 1315 2965 Scipio
1346 2883 1571 2946 consul
1599 2879 2074 2948 cum‘exercitu
2100 2882 2416 2957 occurrit,
2468 2905 2617 2949 non

219 2991 462 3058 pionem,
525 2996 577 3041 et
600 2963 913 3038 meliore,
960 2984 1148 3048 quam
1185 2977 1370 3026 antea
1410 2979 1632 3028 contra
1669 2965 1947 3040 Sullam,
1994 2979 2254 3028 eventu.
2295 2986 2453 3026 nam
2485 2969 2618 3029 mi·
2654 2987 2655 3008 ¹

227 3057 542 3111 Carbonem.
600 3045 753 3132 lites
785 3045 961 3126 ejus,
1007 3045 1392 3189 simulatque
1420 3046 1851 3132 Pompeianos
1890 3045 2242 3132 conspicati
2275 3061 2458 3120 sunt,
2511 3072 2619 3112 sa-
2652 3085 2653 3088 κ

475 3129 482 3138 ’
1270 3151 1290 3189 ι
1364 3130 1515 3191 illos
1570 3128 1990 3193 transierunt.
2077 3127 2405 3192 Postrema
2458 3139 2653 3192 cum}

2646 3205 2651 3376 j

596 3127 914 3202 lutatione
963 3125 1167 3201 facta,
1231 3148 1263 3187 a

597 3210 896 3284 Carbone
945 3210 1116 3273 lucta
1158 3208 1325 3282 fuit,
1390 3209 1472 3271 ad
1508 3210 1716 3273 Aesin
1753 3207 1996 3273 flumen
2033 3210 2262 3273 multas
2298 3210 2633 3293 equitum

594 3293 727 3366 alas
759 3290 1134 3373 objiciente.
1222 3292 1352 3354 Sed
1385 3293 1500 3355 ille
1533 3292 1604 3353 in
1628 3292 1772 3368 loca
1798 3291 2022 3378 iniqua
2048 3290 2366 3364 detrusos,
2406 3353 2409 3354 γ
2452 3314 2625 3356 uum

589 3372 914 3438 evadendi
956 3374 1058 3438 via
1099 3395 1234 3437 non
1272 3375 1468 3453 eflet,
1514 3394 1662 3436 cum
1705 3373 1902 3439 armis
1942 3373 2263 3460 equisque
2301 3371 2374 3434 in
2463 3374 2627 3439 edi.

588 3455 840 3520 tionem
883 3457 1157 3542 accepit.

707 3565 881 3629 XVI.
925 3567 1194 3648 Ignarus
1224 3563 1463 3626 horum
1498 3545 1701 3638 Sulla,
1748 3563 1857 3648 qui
1895 3561 2216 3626 nihildum
2251 3561 2458 3636 aliud,
2506 3566 2587 3627 ni

591 3645 654 3706 ei
689 3645 772 3707 de
812 3645 1045 3729 primis
1071 3646 1371 3732 Pompeii
1409 3646 1786 3718 conatibus,
1832 3645 2161 3717 audierat,
2208 3658 2275 3707 et
2311 3643 2396 3706 de
2446 3645 2589 3709 ado

585 3726 876 3790 lescente
909 3727 1278 3803 sollicitus,
1336 3748 1421 3806 ne
1463 3747 1588 3814 per
1624 3742 1726 3803 tot
1761 3724 2037 3791 hostium
2071 3725 2400 3790 exercitus
2439 3748 2625 3825 per-m

623 3912 798 3986 vap.
833 3909 1186 3969 mussan.
1235 3931 1268 3970 a
1356 3913 1395 3969 a
1436 3900 1670 3987 ναμε(
1700 3915 1773 3970 de
1813 3914 1899 3969 ae
1944 3911 2124 3968 must.
2158 3883 2302 3980 ,βψ
2342 3875 2631 3968 nioaor'

587 3981 746 4045 Veli.
782 4000 851 4051 2,
887 4001 915 4038 ²
958 4022 999 4042 ..
1026 3979 1182 4038 Plut.
1314 4004 1349 4042 a
1398 4023 1414 4040 .
1449 3988 1603 4042 XIV.
1656 3982 1908 4040 Diodor.
1958 3982 2113 4036 Plut.
2162 3984 2381 4040 Zonar.
2436 3983 2596 4037 Plut

479 4093 486 4112 ,
586 4048 841 4105 Diodor.
879 4052 923 4105 P
951 4062 1031 4106 ut.
1101 4048 1247 4123 Cap.
1269 4055 1321 4110 X
1382 4091 1400 4111 .
1438 4056 1653 4111 Zonar.
1691 4054 1848 4112 Plut.
1888 4051 2129 4109 Cluver.
2148 4050 2281 4110 Ital.
2308 4051 2448 4108 ¹Ant.
2471 4070 2535 4122 a,
2559 4056 2594 4111 5

589 4120 767 4179 Oros.
791 4121 856 4188 ὅ,
889 4137 980 4178 ao.
1014 4116 1170 4177 Plut.
1227 4171 1232 4182 .
1450 4171 1457 4178 ,
1732 4135 1749 4184 ,ἰ
2202 4173 2213 4182 2
2334 4131 2340 4136 '
2604 4147 2615 4160 ·
