2717 4667
554 239 677 326 φο
772 238 1171 308 EREINsn.
1213 223 2045 322 SUPPLEMENTORUR
2080 238 2230 303 Lm.
2256 237 2506 358 ωιτη.ι

226 449 307 509 H.
332 451 530 512 «nm.
680 449 766 515 V.
819 453 883 513 Is
922 448 1048 532 jam
1096 448 1177 512 ab
1219 446 1412 509 initio
1458 467 1713 532 pugnae
1759 444 1906 512 cum
1956 447 2284 532 equitibus
2338 437 2556 509 octin-

233 521 317 590 A,
342 525 413 588 0·-
440 524 532 580 ⁶⁶·
648 532 778 604 ntis
816 554 942 629 per
975 535 1325 594 Romanam
1360 529 1570 592 aciem
1608 551 1680 592 se
1715 531 2071 613 eripuerat.
2115 528 2376 602 deinde,
2419 525 2558 590 'dif-

271 594 536 716 Es‘f'ffss
595 614 966 698 ugienttbus
1016 626 1195 675 metu
1242 610 1518 685 ceteris,
1583 611 1855 674 relictus
1893 610 1973 676 ab
2017 609 2353 685 omnibus,
2412 623 2573 672 tres·

181 672 826 787 ‘zzsszt‘ayssomnino
868 696 1140 770 comites
1178 692 1472 774 retinuit.
1529 714 1658 790 quo
1708 692 1779 757 in
1824 713 2097 756 numero
2144 693 2363 779 pellex
2411 690 2557 773 ejus

179 747 222 801 f
464 766 483 785 ⁶
558 772 721 852 fuit,
772 779 1239 923 ngsicratea,
1294 775 1568 840 maseuli
1606 774 1806 840 animi
1842 774 2237 858 ruborisque
2275 771 2556 846 mulier,

542 880 754 943 ,quam
815 860 839 922 i
887 881 968 924 eo
1022 856 1475 943 Hypsicratem
1527 858 1866 922 nominare
1922 877 2041 920 rex
2094 869 2559 922 consueverat.

557 942 657 1004 Ea
689 957 859 1017 tum,
902 942 1160 1005 virilem
1198 937 1437 1002 vestem
1465 940 1799 1003 Persicam
1833 938 2088 1013 induta,
2148 959 2318 1021 equo
2351 937 2562 1005 vehe—

557 1023 788 1097 batur,
851 1044 1067 1107 neque
1117 1020 1593 1105 longinquitate
1645 1021 1872 1107 fugae,
1945 1041 2070 1084 nec
2116 1019 2403 1082 curando
2450 1019 2562 1084 in-

433 1155 437 1164 .
556 1105 758 1166 terim
808 1115 1090 1189 corpore
1132 1117 1200 1166 et
1234 1123 1271 1163 e
1321 1121 1407 1165 uo
1447 1103 1627 1186 regis
1659 1104 1920 1188 fatigata
1946 1145 1964 1176 ,
2024 1122 2221 1187 quum
2266 1121 2345 1163 eo
2390 1121 2564 1166 ven-

457 1207 461 1211 ·
554 1198 695 1267 tum
743 1187 1152 1250 miseriarum
1203 1204 1240 1245 e
1297 1198 1398 1258 et,
1467 1199 1539 1246 ut
1590 1186 1736 1270 ipse
1775 1185 2163 1270 plerumque
2207 1204 2329 1266 per
2371 1183 2563 1246 invia

544 1273 752 1329 ‘manu
781 1267 1070 1330 traheret
1101 1285 1372 1352 equum:
1421 1265 1628 1329 donee
1662 1268 1730 1329 in
1764 1266 2026 1350 globum
2056 1265 2343 1350 equitum
2373 1285 2562 1327 mer-

544 1350 1007 1422 censu-iorum,
1076 1363 1143 1413 et
1191 1346 1481 1432 peditum
1529 1348 1655 1409 tria
1701 1348 1911 1411 ferme
1949 1345 2151 1409 millia
2185 1345 2457 1421 incidit,
2523 1369 2565 1409 a

559 1430 798 1516 quibus
834 1429 1148 1494 deductus
1182 1427 1273 1492 est
1311 1429 1380 1490 in
1420 1427 1743 1492 castellum
1777 1429 2084 1512 Synoria,
2131 1430 2228 1490 sic
2264 1429 2564 1513 appella-

483 1525 488 1538 ’
557 1522 644 1584 ta,
691 1512 866 1598 quod
897 1514 992 1575 ibi
1021 1513 1359 1597 utriusque
1385 1512 1732 1575 Armeniae
1769 1509 2047 1574 confinia
2081 1510 2372 1572 coibant:
2423 1532 2563 1596 quo

556 1593 708 1656 loco
739 1594 1149 1657 Mithridates
1189 1613 1483 1676 magnam
1522 1594 1838 1678 pecuniae
1875 1594 2006 1657 vim
2041 1592 2318 1654 habebat
2354 1611 2567 1676 repo-

560 1675 771 1737 sitam.
855 1675 1013 1738 Inde
1053 1675 1325 1760 sumptis
1355 1675 1674 1760 pretiosis
1711 1673 2017 1748 vestibus,
2064 1689 2130 1736 et
2159 1676 2334 1737 inter
2361 1695 2564 1758 prae-

554 1771 780 1820 sentes
817 1756 1222 1833 distributis,
1267 1755 1654 1840 stipendium
1699 1775 1978 1819 annuum
2016 1757 2248 1830 militi,
2296 1756 2562 1820 donati-

556 1855 640 1900 vo
674 1840 949 1922 insuper
981 1839 1254 1921 adjecto,
1301 1840 1687 1901 numeravit:
1739 1837 2084 1904 Venenum
2115 1839 2328 1912 etiam,
2375 1838 2564 1924 quod

558 1919 632 1980 in
674 1919 909 1984 iisdem
941 1920 1267 1983 thesauris
1307 1920 1652 1992 habuerat,
1701 1918 2012 2005 dispertit
2038 1921 2284 1994 amieis,
2328 1940 2419 1983 ne
2452 1921 2564 1984 cui

550 2003 883 2065 neeess'um
922 2003 1185 2078 ess'etin
1222 2023 1445 2064 manus
1485 1999 1760 2065 hostium
1794 2003 2002 2067 invito
2042 2002 2357 2066 incidere.

194 2111 535 2235 mecvm
681 2109 797 2175 VI.
859 2109 987 2172 Sex
1026 2107 1264 2171 deinde
1301 2110 1695 2172 talentorum
1738 2122 2009 2194 portans
2049 2108 2288 2182 millia,
2355 2130 2563 2195 quum

165 2183 195 2234 θ’
323 2199 534 2238 ‘¹⁰⁸0‘-
561 2189 642 2252 ad
669 2191 1020 2275 Tigranem
1049 2204 1461 2288 properaret,
1507 2192 1868 2276 cognoscit,
1914 2193 2166 2276 legatos
2198 2213 2232 2254 a
2261 2211 2332 2253 se
2361 2212 2561 2275 prae-

165 2252 401 2322 μήθ’·
548 2269 781 2338 ‘miffos
833 2272 903 2332 in
952 2272 1272 2346 vinculis,
1332 2293 1517 2335 suum
1556 2272 1624 2334 in
1669 2287 1859 2358 caput
1900 2289 2155 2337 centum
2196 2295 2230 2336 a
2260 2273 2556 2356 Tigrane

438 2369 445 2380 ‘
514 2355 988 2440 ’'pronun'eiata
1037 2355 1277 2417 talenta
1322 2355 1492 2429 ess'e,
1561 2355 1734 2439 quod
1780 2373 1927 2418 eum
1971 2353 2108 2418 filio
2149 2355 2580 2418 defectionisv

560 2450 892 2499 auctorem
926 2436 1113 2498 fuiss‘e
1149 2436 1471 2521 Tigranes
1517 2436 1898 2500 autumabat.
1982 2440 2011 2500 I
2057 2438 2189 2498 itur
2222 2435 2437 2499 flectit
2471 2437 2562 2498 ad

558 2515 780 2581 fontes
818 2518 1167 2603 Euphratis
1204 2519 1365 2591 iter,
1426 2519 1801 2602 praeteritis
1844 2521 1980 2602 illis¹
2066 2518 2390 2581 olchidem
2432 2539 2558 2605 pe-

553 2599 820 2666 titurus.
893 2614 1149 2685 quarto¹
1177 2600 1284 2662 die
1335 2600 1810 2666 contentiss'imo
1868 2607 2065 2663 eursu
2115 2601 2421 2686 pervenit
2468 2601 2558 2662 ad

559 2680 821 2744 fontes:
878 2682 1294 2766 triduumque
1342 2696 1630 2744 moratus
1654 2724 1671 2755 ,
1734 2684 1908 2762 (nam
1961 2683 2210 2745 interea
2259 2696 2560 2757 veteres,

562 2775 630 2823 et
665 2783 828 2847 quae
862 2761 1080 2842 postea
1106 2764 1544 2839 -access'erant,
1605 2765 1825 2847 copias
1868 2764 2287 2838 recensebat,
2334 2785 2554 2827 arma-

557 2842 837 2928 batque)
888 2843 1260 2920 Chotenen,
1319 2844 1585 2927 majoris
1632 2845 1982 2910 Armeniae
2026 2846 2514 2932 praefecturam
2537 2889 2556 2922 ,

555 2922 879 3010 ingress'us
915 2924 1025 2989 est.
1105 2927 1555 2990 Prohibebant
1585 2926 1828 2990 aditum
1856 2930 2153 3002 Choteni,
2198 2927 2409 2990 Iberis
2448 2942 2556 2991 et-

550 3003 686 3067 iam
717 3008 1099 3092 quibusdam
1129 3008 1470 3089 adjunctis.
1557 3007 1692 3071 Sed
1723 3010 1869 3085 hos,
1913 3009 2253 3096 glandibus
2282 3030 2357 3073 ac
2385 3011 2555 3073 mis-

558 3087 788 3150 silibus
827 3105 1186 3175 pugnantes
1208 3134 1226 3164 ‚
1278 3088 1690 3153 Mithridates
1736 3092 2096 3166 submovit,
2143 3093 2554 3176 penetravit-

555 3188 684 3255 que
736 3168 815 3232 ad
861 3170 1102 3235 flumen
1151 3172 1484 3235 Absarum.
1569 3171 1825 3236 Deinde
1869 3188 2096 3258 pacato
2181 3194 2255 3235 er
2290 3174 2553 3259 aliquot

604 3264 787 3315 entes
823 3253 1061 3316 itinere
1090 3254 1521 3317 Dioscuriada
1546 3253 1749 3325 venit,
1794 3277 1982 3340 quam
2009 3255 2077 3317 in
2154 3255 2363 3318 olchis
2395 3274 2557 3317 con-

548 3270 788 3475 {idme
822 3333 1147 3399 Castorum
1184 3336 1446 3422 aurigae
1477 3334 1942 3422 Amphistratus
1980 3352 2046 3400 et
2071 3337 2326 3400 Rhecas
2365 3336 2552 3400 fere-

603 3429 810 3478 antur.
858 3433 865 3440 ·
2237 3435 2244 3442 ·

246 3509 555 3599 Pomptini
588 3513 613 3594 ζ
675 3521 816 3587 Vn.
868 3523 1136 3589 Interim
1168 3524 1522 3608 Pompeius
1543 3568 1570 3597 2
1607 3524 1722 3608 qui
1757 3523 1837 3590 ad
1869 3525 2396 3612 persequendum
2419 3527 2551 3592 Mi-

230 3597 516 3668 N‘an
548 3601 904 3686 ‚thridatem
937 3591 1189 3690 partem
1229 3607 1519 3692 equitum
1559 3620 1625 3671 et
1660 3607 1824 3670 levis
1859 3622 2217 3672 armaturae
2254 3608 2546 3684 miserat,

231 3667 431 3725 “affl
557 3706 754 3776 quum
794 3685 1090 3773 effugiss'e
1130 3688 1349 3763 illum,
1409 3687 1608 3751 Phasi
1647 3685 2046 3770 transmiss'o,
2091 3692 2547 3776 comperiss'et,

618 3877 764 3951 Cap.
799 3881 877 3933 V.
930 3877 1088 3933 Plut.
1125 3874 1249 3933 cie.
1333 3895 1399 3932 ro
1433 3876 1587 3932 Mur.
1626 3893 1678 3932 c.
1710 3877 1795 3934 16.
1833 3877 2009 3932 Oros.
2044 3876 2198 3933 mut.
2238 3875 2450 3934 Suidas
2480 3879 2544 3933 in

549 3946 878 4021 Πομπήϊος.
912 3948 1164 4019 Eutrop.
1197 3948 1285 4003 Va
1317 3986 1331 4001 .
1353 3947 1506 4004 Max.
1519 3950 1579 4011 4,
1599 3948 1652 4002 6.
1687 3946 2053 4008 Plut.10ros.
2090 3945 2343 4020 Appi'an.
2377 3948 2540 4003 Stra-

435 4034 485 4048 *
544 4015 663 4079 bo,
698 4013 739 4069 1.
778 4034 858 4071 u.
896 4034 965 4087 p»
985 4017 1110 4073 555.
1150 4014 1403 4088 Appiae.
1437 4024 1498 4069 et
1523 4015 1682 4070 Pht.
1765 4016 1913 4086 Cap.
1949 4016 2054 4070 VI.
2108 4015 2363 4089 Appian.
2400 4016 2543 4072 Dio.

548 4082 700 4139 rint.
757 4084 895 4139 Dio.
938 4084 1094 4139 Plus.
1133 4085 1391 4157 Appian.
1441 4083 1693 4153 Pinna,
1719 4086 1776 4143 ὅ.
1823 4083 2078 4153 Strabo,
2114 4083 2160 4142 10⁴
2190 4104 2273 4140 ιι.
2314 4104 2378 4159 p.
2408 4087 2536 4157 496.

545 4148 695 4225 Cap.
721 4154 854 4211 vn.
891 4153 1028 4209 Dio.
1068 4153 1248 4210 Oros.
1283 4153 1540 4230 Appian.
2217 4193 2226 4206 .
2275 4197 2280 4206 .
