<?xml version="1.0" encoding="UTF-8"?>
<!DOCTYPE html PUBLIC "-//W3C//DTD XHTML 1.0 Transitional//EN"
    "http://www.w3.org/TR/xhtml1/DTD/xhtml1-transitional.dtd">
<html xmlns="http://www.w3.org/1999/xhtml" xml:lang="en" lang="en">
 <head>
  <title>
</title>
<meta http-equiv="Content-Type" content="text/html;charset=utf-8" />
  <meta name='ocr-system' content='tesseract 3.04.00' />
  <meta name='ocr-capabilities' content='ocr_page ocr_carea ocr_par ocr_line ocrx_word'/>
</head>
<body>
  <div class='ocr_page' id='page_1' title='image "./tliviipatavinih14unkngoog_0434.png"; bbox 0 0 2717 4667; ppageno 0'>
   <div class='ocr_carea' id='block_1_1' title="bbox 50 2811 344 2883">
    <p class='ocr_par' dir='ltr' id='par_1_1' title="bbox 50 2811 344 2883">
     <span class='ocr_line' id='line_1_1' title="bbox 50 2811 344 2883; baseline 0 -21"><span class='ocrx_word' id='word_1_1' title='bbox 50 2818 59 2830; x_wconf 93' lang='grc'><em>“</em></span> <span class='ocrx_word' id='word_1_2' title='bbox 84 2833 91 2850; x_wconf 86' lang='lat'>=</span> <span class='ocrx_word' id='word_1_3' title='bbox 167 2811 344 2883; x_wconf 74' lang='lat' dir='ltr'><strong>gitur.</strong></span> 
     </span>
    </p>
   </div>
   <div class='ocr_carea' id='block_1_2' title="bbox 793 868 2282 1006">
    <p class='ocr_par' dir='ltr' id='par_1_2' title="bbox 793 868 2282 1006">
     <span class='ocr_line' id='line_1_2' title="bbox 793 868 2282 1006; baseline -0.008 -34"><span class='ocrx_word' id='word_1_4' title='bbox 793 868 1376 972; x_wconf 72' lang='lat' dir='ltr'><strong>:IOHANNIS</strong></span> <span class='ocrx_word' id='word_1_5' title='bbox 1499 869 2282 1006; x_wconf 69' lang='lat' dir='ltr'><strong>rRmNsflumi</strong></span> 
     </span>
    </p>
   </div>
   <div class='ocr_carea' id='block_1_3' title="bbox 652 1097 2456 1190">
    <p class='ocr_par' dir='ltr' id='par_1_3' title="bbox 652 1097 2456 1190">
     <span class='ocr_line' id='line_1_3' title="bbox 652 1097 2456 1190; baseline -0.004 -21"><span class='ocrx_word' id='word_1_6' title='bbox 652 1097 1380 1190; x_wconf 70' lang='lat' dir='ltr'><strong>surPLEMENToRUM</strong></span> <span class='ocrx_word' id='word_1_7' title='bbox 1434 1099 1918 1167; x_wconf 69' lang='lat' dir='ltr'><strong>lelmoumu</strong></span> <span class='ocrx_word' id='word_1_8' title='bbox 1967 1107 2192 1164; x_wconf 63' lang='lat' dir='ltr'><strong>Lmen</strong></span> <span class='ocrx_word' id='word_1_9' title='bbox 2230 1103 2456 1163; x_wconf 77' lang='lat' dir='ltr'><strong>Lxlv.</strong></span> 
     </span>
    </p>
   </div>
   <div class='ocr_carea' id='block_1_4' title="bbox 852 1298 2368 1384">
    <p class='ocr_par' dir='ltr' id='par_1_4' title="bbox 852 1298 2368 1384">
     <span class='ocr_line' id='line_1_4' title="bbox 852 1298 2368 1384; baseline -0.004 -19"><span class='ocrx_word' id='word_1_10' title='bbox 852 1303 943 1368; x_wconf 77' lang='lat' dir='ltr'><strong>m</strong></span> <span class='ocrx_word' id='word_1_11' title='bbox 987 1301 1294 1368; x_wconf 78' lang='lat' dir='ltr'><strong>Loctm</strong></span> <span class='ocrx_word' id='word_1_12' title='bbox 1338 1300 1575 1362; x_wconf 77' lang='lat' dir='ltr'><strong>mem</strong></span> <span class='ocrx_word' id='word_1_13' title='bbox 1617 1298 1851 1362; x_wconf 79' lang='lat' dir='ltr'><strong>xmx.</strong></span> <span class='ocrx_word' id='word_1_14' title='bbox 1899 1301 1979 1365; x_wconf 79' lang='lat' dir='ltr'><strong>T.</strong></span> <span class='ocrx_word' id='word_1_15' title='bbox 2011 1300 2241 1369; x_wconf 74' lang='lat' dir='ltr'><strong>mvn.</strong></span> <span class='ocrx_word' id='word_1_16' title='bbox 2361 1373 2368 1384; x_wconf 42' lang='lat'>‚</span> 
     </span>
    </p>
   </div>
   <div class='ocr_carea' id='block_1_5' title="bbox 201 1517 2569 1673">
    <p class='ocr_par' dir='ltr' id='par_1_5' title="bbox 201 1517 2569 1673">
     <span class='ocr_line' id='line_1_5' title="bbox 201 1517 2569 1673; baseline 0.008 -83"><span class='ocrx_word' id='word_1_17' title='bbox 201 1533 277 1658; x_wconf 54' lang='lat' dir='ltr'><strong>H.</strong></span> <span class='ocrx_word' id='word_1_18' title='bbox 310 1534 521 1673; x_wconf 42' lang='grc' dir='ltr'><strong>ἓξὲξ.</strong></span> <span class='ocrx_word' id='word_1_19' title='bbox 673 1552 723 1611; x_wconf 64' lang='grc' dir='ltr'><strong>Ῑ,</strong></span> <span class='ocrx_word' id='word_1_20' title='bbox 777 1517 1149 1628; x_wconf 63' lang='lat' dir='ltr'><strong>Inter-imin</strong></span> <span class='ocrx_word' id='word_1_21' title='bbox 1183 1550 1379 1613; x_wconf 85' lang='lat' dir='ltr'><strong>Creta</strong></span> <span class='ocrx_word' id='word_1_22' title='bbox 1410 1547 1498 1632; x_wconf 84' lang='lat' dir='ltr'><strong>Q.</strong></span> <span class='ocrx_word' id='word_1_23' title='bbox 1522 1546 1832 1610; x_wconf 80' lang='lat' dir='ltr'>Metellus</span> <span class='ocrx_word' id='word_1_24' title='bbox 1867 1543 2239 1630; x_wconf 81' lang='lat' dir='ltr'><strong>proconsul,</strong></span> <span class='ocrx_word' id='word_1_25' title='bbox 2267 1544 2569 1645; x_wconf 63' lang='lat' dir='ltr'><strong>,prospe-</strong></span> 
     </span>
    </p>
   </div>
   <div class='ocr_carea' id='block_1_6' title="bbox 180 1676 2573 1811">
    <p class='ocr_par' dir='ltr' id='par_1_6' title="bbox 180 1676 2573 1811">
     <span class='ocr_line' id='line_1_6' title="bbox 180 1676 2573 1811; baseline -0.003 -32"><span class='ocrx_word' id='word_1_26' title='bbox 180 1676 520 1811; x_wconf 50' lang='lat' dir='ltr'><strong>vigz‘rtxsg,</strong></span> <span class='ocrx_word' id='word_1_27' title='bbox 552 1713 872 1795; x_wconf 83' lang='lat' dir='ltr'><strong>Cydonia,</strong></span> <span class='ocrx_word' id='word_1_28' title='bbox 921 1716 1155 1778; x_wconf 82' lang='lat' dir='ltr'><strong>Cretae</strong></span> <span class='ocrx_word' id='word_1_29' title='bbox 1203 1709 1631 1798; x_wconf 76' lang='lat' dir='ltr'><strong>metropolis,</strong></span> <span class='ocrx_word' id='word_1_30' title='bbox 1679 1714 1877 1795; x_wconf 86' lang='lat' dir='ltr'><strong>(quae</strong></span> <span class='ocrx_word' id='word_1_31' title='bbox 1918 1701 2118 1772; x_wconf 84' lang='lat' dir='ltr'><strong>hodie</strong></span> <span class='ocrx_word' id='word_1_32' title='bbox 2158 1711 2275 1773; x_wconf 88' lang='lat' dir='ltr'><strong>sub</strong></span> <span class='ocrx_word' id='word_1_33' title='bbox 2307 1712 2573 1773; x_wconf 86' lang='lat' dir='ltr'><strong>Caneae</strong></span> 
     </span>
    </p>
   </div>
   <div class='ocr_carea' id='block_1_7' title="bbox 188 1793 2692 2492">
    <p class='ocr_par' dir='ltr' id='par_1_7' title="bbox 188 1793 2692 2372">
     <span class='ocr_line' id='line_1_7' title="bbox 188 1793 2572 1880; baseline -0.001 -23"><span class='ocrx_word' id='word_1_34' title='bbox 188 1810 421 1864; x_wconf 66' lang='lat' dir='ltr'><strong>Meum.</strong></span> <span class='ocrx_word' id='word_1_35' title='bbox 548 1795 815 1857; x_wconf 87' lang='lat' dir='ltr'><strong>nomine</strong></span> <span class='ocrx_word' id='word_1_36' title='bbox 846 1799 1207 1859; x_wconf 85' lang='lat' dir='ltr'><strong>Turcarum</strong></span> <span class='ocrx_word' id='word_1_37' title='bbox 1243 1796 1630 1880; x_wconf 77' lang='lat' dir='ltr'><strong>imperium,</strong></span> <span class='ocrx_word' id='word_1_38' title='bbox 1677 1808 1903 1877; x_wconf 84' lang='lat' dir='ltr'><strong>erepta</strong></span> <span class='ocrx_word' id='word_1_39' title='bbox 1940 1794 2239 1866; x_wconf 86' lang='lat' dir='ltr'><strong>Venetis,</strong></span> <span class='ocrx_word' id='word_1_40' title='bbox 2282 1793 2572 1877; x_wconf 84' lang='lat' dir='ltr'><strong>patitur)</strong></span> 
     </span>
     <span class='ocr_line' id='line_1_8' title="bbox 600 1874 2692 1962; baseline -0 -24"><span class='ocrx_word' id='word_1_41' title='bbox 600 1875 691 1939; x_wconf 86' lang='lat' dir='ltr'><strong>ost</strong></span> <span class='ocrx_word' id='word_1_42' title='bbox 728 1877 1146 1941; x_wconf 81' lang='lat' dir='ltr'>obsidionem</span> <span class='ocrx_word' id='word_1_43' title='bbox 1181 1877 1576 1962; x_wconf 77' lang='lat' dir='ltr'>aliquamdiu</span> <span class='ocrx_word' id='word_1_44' title='bbox 1613 1876 1952 1937; x_wconf 78' lang='lat' dir='ltr'><strong>toleratam</strong></span> <span class='ocrx_word' id='word_1_45' title='bbox 1988 1899 2022 1938; x_wconf 93' lang='lat' dir='ltr'><strong>a</strong></span> <span class='ocrx_word' id='word_1_46' title='bbox 2045 1879 2294 1938; x_wconf 82' lang='lat' dir='ltr'><strong>Panare</strong></span> <span class='ocrx_word' id='word_1_47' title='bbox 2335 1874 2429 1939; x_wconf 84' lang='lat' dir='ltr'><strong>est</strong></span> <span class='ocrx_word' id='word_1_48' title='bbox 2458 1875 2576 1938; x_wconf 79' lang='lat' dir='ltr'><strong>de·</strong></span> <span class='ocrx_word' id='word_1_49' title='bbox 2689 1927 2692 1944; x_wconf 35' lang='lat' dir='ltr'><strong>ff</strong></span> 
     </span>
     <span class='ocr_line' id='line_1_9' title="bbox 549 1901 2077 2054; baseline -0.001 -33"><span class='ocrx_word' id='word_1_50' title='bbox 549 1901 720 2032; x_wconf 58' lang='lat' dir='ltr'><strong>Sita,</strong></span> <span class='ocrx_word' id='word_1_51' title='bbox 763 1959 1215 2043; x_wconf 86' lang='lat' dir='ltr'><strong>impunitatem</strong></span> <span class='ocrx_word' id='word_1_52' title='bbox 1258 1960 1648 2054; x_wconf 68' lang='lat' dir='ltr'><strong>veniamque</strong></span> <span class='ocrx_word' id='word_1_53' title='bbox 1688 1957 2077 2021; x_wconf 84' lang='lat' dir='ltr'><strong>delictorum</strong></span> 
     </span>
     <span class='ocr_line' id='line_1_10' title="bbox 550 1982 2571 2118; baseline -0.001 -14"><span class='ocrx_word' id='word_1_54' title='bbox 550 2039 967 2104; x_wconf 82' lang='lat' dir='ltr'><strong>transductus</strong></span> <span class='ocrx_word' id='word_1_55' title='bbox 995 2043 1294 2118; x_wconf 71' lang='lat' dir='ltr'><strong>Cnoll&#39;um</strong></span> <span class='ocrx_word' id='word_1_56' title='bbox 1327 2055 1682 2114; x_wconf 78' lang='lat' dir='ltr'><strong>exercitus,</strong></span> <span class='ocrx_word' id='word_1_57' title='bbox 1729 2040 1842 2101; x_wconf 89' lang='lat' dir='ltr'><strong>ubi</strong></span> <span class='ocrx_word' id='word_1_58' title='bbox 1873 1982 2275 2102; x_wconf 74' lang='lat' dir='ltr'><strong>domicilium</strong></span> <span class='ocrx_word' id='word_1_59' title='bbox 2298 2039 2571 2101; x_wconf 81' lang='lat' dir='ltr'><strong>Lasthe-</strong></span> 
     </span>
     <span class='ocr_line' id='line_1_11' title="bbox 551 2121 2570 2219; baseline -0.001 -35"><span class='ocrx_word' id='word_1_60' title='bbox 551 2144 673 2186; x_wconf 87' lang='lat' dir='ltr'><strong>nes</strong></span> <span class='ocrx_word' id='word_1_61' title='bbox 710 2123 1007 2208; x_wconf 85' lang='lat' dir='ltr'><strong>habebat.</strong></span> <span class='ocrx_word' id='word_1_62' title='bbox 1076 2123 1211 2186; x_wconf 89' lang='lat' dir='ltr'><strong>Sed</strong></span> <span class='ocrx_word' id='word_1_63' title='bbox 1246 2123 1384 2196; x_wconf 86' lang='lat' dir='ltr'><strong>ille,</strong></span> <span class='ocrx_word' id='word_1_64' title='bbox 1434 2122 1702 2184; x_wconf 87' lang='lat' dir='ltr'><strong>sedibus</strong></span> <span class='ocrx_word' id='word_1_65' title='bbox 1743 2142 1887 2184; x_wconf 85' lang='lat' dir='ltr'><strong>cum</strong></span> <span class='ocrx_word' id='word_1_66' title='bbox 1924 2121 2103 2184; x_wconf 89' lang='lat' dir='ltr'><strong>omni</strong></span> <span class='ocrx_word' id='word_1_67' title='bbox 2142 2123 2570 2219; x_wconf 80' lang='lat' dir='ltr'><strong>suppellecti-</strong></span> 
     </span>
     <span class='ocr_line' id='line_1_12' title="bbox 552 2202 2564 2289; baseline -0.001 -23"><span class='ocrx_word' id='word_1_68' title='bbox 552 2206 620 2268; x_wconf 87' lang='lat' dir='ltr'><strong>le</strong></span> <span class='ocrx_word' id='word_1_69' title='bbox 675 2205 1146 2280; x_wconf 84' lang='lat' dir='ltr'><strong>concrematis,</strong></span> <span class='ocrx_word' id='word_1_70' title='bbox 1210 2227 1293 2268; x_wconf 82' lang='lat' dir='ltr'><strong>ex</strong></span> <span class='ocrx_word' id='word_1_71' title='bbox 1334 2204 1583 2289; x_wconf 84' lang='lat' dir='ltr'><strong>oppido</strong></span> <span class='ocrx_word' id='word_1_72' title='bbox 1624 2202 1944 2288; x_wconf 78' lang='lat' dir='ltr'><strong>profugit.</strong></span> <span class='ocrx_word' id='word_1_73' title='bbox 2022 2206 2138 2266; x_wconf 89' lang='lat' dir='ltr'><strong>illo</strong></span> <span class='ocrx_word' id='word_1_74' title='bbox 2187 2203 2433 2267; x_wconf 76' lang='lat' dir='ltr'><strong>deinde</strong></span> <span class='ocrx_word' id='word_1_75' title='bbox 2479 2204 2564 2266; x_wconf 84' lang='lat' dir='ltr'><strong>si-</strong></span> 
     </span>
     <span class='ocr_line' id='line_1_13' title="bbox 555 2286 2568 2372; baseline -0.001 -23"><span class='ocrx_word' id='word_1_76' title='bbox 555 2288 806 2371; x_wconf 84' lang='lat' dir='ltr'><strong>militer</strong></span> <span class='ocrx_word' id='word_1_77' title='bbox 849 2287 1109 2362; x_wconf 88' lang='lat' dir='ltr'><strong>dedito,</strong></span> <span class='ocrx_word' id='word_1_78' title='bbox 1169 2290 1466 2369; x_wconf 63' lang='lat' dir='ltr'><strong>Lyctus;‚</strong></span> <span class='ocrx_word' id='word_1_79' title='bbox 1518 2298 1620 2358; x_wconf 88' lang='lat' dir='ltr'><strong>et,</strong></span> <span class='ocrx_word' id='word_1_80' title='bbox 1678 2286 1798 2347; x_wconf 86' lang='lat' dir='ltr'><strong>hac</strong></span> <span class='ocrx_word' id='word_1_81' title='bbox 1849 2300 2149 2372; x_wconf 83' lang='lat' dir='ltr'><strong>recepta,</strong></span> <span class='ocrx_word' id='word_1_82' title='bbox 2208 2288 2568 2372; x_wconf 85' lang='lat' dir='ltr'><strong>pleraeque</strong></span> 
     </span>
    </p>

    <p class='ocr_par' dir='ltr' id='par_1_8' title="bbox 555 2366 2186 2434">
     <span class='ocr_line' id='line_1_14' title="bbox 555 2366 2186 2434; baseline -0.001 -2"><span class='ocrx_word' id='word_1_83' title='bbox 555 2370 719 2433; x_wconf 90' lang='lat' dir='ltr'><strong>aliae</strong></span> <span class='ocrx_word' id='word_1_84' title='bbox 757 2370 1056 2434; x_wconf 84' lang='lat' dir='ltr'><strong>civitates</strong></span> <span class='ocrx_word' id='word_1_85' title='bbox 1100 2384 1168 2432; x_wconf 90' lang='lat' dir='ltr'><strong>et</strong></span> <span class='ocrx_word' id='word_1_86' title='bbox 1203 2367 1456 2433; x_wconf 81' lang='lat' dir='ltr'><strong>castella</strong></span> <span class='ocrx_word' id='word_1_87' title='bbox 1495 2368 1567 2430; x_wconf 89' lang='lat' dir='ltr'><strong>in</strong></span> <span class='ocrx_word' id='word_1_88' title='bbox 1603 2366 1804 2431; x_wconf 87' lang='lat' dir='ltr'><strong>fidem</strong></span> <span class='ocrx_word' id='word_1_89' title='bbox 1841 2383 2186 2433; x_wconf 83' lang='lat' dir='ltr'><strong>venerunt.</strong></span> 
     </span>
    </p>

    <p class='ocr_par' dir='ltr' id='par_1_9' title="bbox 999 2465 1008 2492">
     <span class='ocr_line' id='line_1_15' title="bbox 999 2465 1008 2492; baseline 0 0"><span class='ocrx_word' id='word_1_90' title='bbox 999 2465 1008 2492; x_wconf 73' lang='lat' dir='ltr'><strong>l</strong></span> 
     </span>
    </p>
   </div>
   <div class='ocr_carea' id='block_1_8' title="bbox 168 2516 2578 3683">
    <p class='ocr_par' dir='ltr' id='par_1_10' title="bbox 168 2516 2578 3683">
     <span class='ocr_line' id='line_1_16' title="bbox 253 2516 2578 2603; baseline -0.004 -16"><span class='ocrx_word' id='word_1_91' title='bbox 253 2529 528 2587; x_wconf 78' lang='lat' dir='ltr'><strong>Lucullus</strong></span> <span class='ocrx_word' id='word_1_92' title='bbox 677 2521 755 2580; x_wconf 90' lang='lat'><strong>11.</strong></span> <span class='ocrx_word' id='word_1_93' title='bbox 820 2518 955 2581; x_wconf 87' lang='lat' dir='ltr'><strong>Sed</strong></span> <span class='ocrx_word' id='word_1_94' title='bbox 994 2520 1066 2581; x_wconf 89' lang='lat' dir='ltr'><strong>in</strong></span> <span class='ocrx_word' id='word_1_95' title='bbox 1100 2519 1323 2582; x_wconf 83' lang='lat' dir='ltr'><strong>Asiam</strong></span> <span class='ocrx_word' id='word_1_96' title='bbox 1360 2523 1773 2603; x_wconf 84' lang='lat' dir='ltr'><strong>Pontumque</strong></span> <span class='ocrx_word' id='word_1_97' title='bbox 1811 2516 1979 2579; x_wconf 77' lang='lat' dir='ltr'><strong>mim</strong></span> <span class='ocrx_word' id='word_1_98' title='bbox 2020 2539 2055 2578; x_wconf 89' lang='lat' dir='ltr'><strong>a</strong></span> <span class='ocrx_word' id='word_1_99' title='bbox 2095 2530 2320 2579; x_wconf 87' lang='lat' dir='ltr'><strong>senatu</strong></span> <span class='ocrx_word' id='word_1_100' title='bbox 2357 2535 2578 2601; x_wconf 86' lang='lat' dir='ltr'><strong>popu-</strong></span> 
     </span>
     <span class='ocr_line' id='line_1_17' title="bbox 169 2598 2577 2686; baseline 0 -26"><span class='ocrx_word' id='word_1_101' title='bbox 169 2598 526 2680; x_wconf 62' lang='lat' dir='ltr'><strong>mt‘h’tumpfe·</strong></span> <span class='ocrx_word' id='word_1_102' title='bbox 550 2599 749 2683; x_wconf 87' lang='lat' dir='ltr'><strong>loque</strong></span> <span class='ocrx_word' id='word_1_103' title='bbox 795 2603 1092 2664; x_wconf 89' lang='lat' dir='ltr'><strong>Romano</strong></span> <span class='ocrx_word' id='word_1_104' title='bbox 1144 2602 1370 2665; x_wconf 88' lang='lat' dir='ltr'><strong>decem</strong></span> <span class='ocrx_word' id='word_1_105' title='bbox 1419 2604 1654 2686; x_wconf 84' lang='lat' dir='ltr'><strong>legati,</strong></span> <span class='ocrx_word' id='word_1_106' title='bbox 1726 2599 1918 2683; x_wconf 88' lang='lat' dir='ltr'><strong>(quia</strong></span> <span class='ocrx_word' id='word_1_107' title='bbox 1974 2599 2366 2662; x_wconf 86' lang='lat' dir='ltr'><strong>debellatum</strong></span> <span class='ocrx_word' id='word_1_108' title='bbox 2421 2618 2577 2661; x_wconf 89' lang='lat' dir='ltr'><strong>cum</strong></span> 
     </span>
     <span class='ocr_line' id='line_1_18' title="bbox 168 2668 2575 2777; baseline 0.002 -37"><span class='ocrx_word' id='word_1_109' title='bbox 168 2688 364 2754; x_wconf 60' lang='lat' dir='ltr'><strong>rofque</strong></span> <span class='ocrx_word' id='word_1_110' title='bbox 403 2668 487 2720; x_wconf 47' lang='grc' dir='ltr'><strong>ὦ·</strong></span> <span class='ocrx_word' id='word_1_111' title='bbox 550 2682 930 2744; x_wconf 83' lang='lat' dir='ltr'><strong>Mithridate</strong></span> <span class='ocrx_word' id='word_1_112' title='bbox 964 2685 1276 2747; x_wconf 86' lang='lat' dir='ltr'><strong>Lucullus</strong></span> <span class='ocrx_word' id='word_1_113' title='bbox 1315 2682 1709 2769; x_wconf 83' lang='lat' dir='ltr'><strong>scripserat)</strong></span> <span class='ocrx_word' id='word_1_114' title='bbox 1743 2680 2076 2777; x_wconf 71' lang='lat' dir='ltr'><strong>postquam</strong></span> <span class='ocrx_word' id='word_1_115' title='bbox 2111 2682 2181 2743; x_wconf 88' lang='lat' dir='ltr'><strong>in</strong></span> <span class='ocrx_word' id='word_1_116' title='bbox 2220 2680 2412 2743; x_wconf 85' lang='lat' dir='ltr'><strong>castra</strong></span> <span class='ocrx_word' id='word_1_117' title='bbox 2452 2702 2575 2744; x_wconf 84' lang='lat' dir='ltr'><strong>ve·-</strong></span> 
     </span>
     <span class='ocr_line' id='line_1_19' title="bbox 168 2752 2573 2850; baseline 0.002 -30"><span class='ocrx_word' id='word_1_118' title='bbox 168 2752 399 2820; x_wconf 58' lang='lat' dir='ltr'><strong>mm‘f‘„</strong></span> <span class='ocrx_word' id='word_1_119' title='bbox 418 2754 500 2790; x_wconf 70' lang='lat'><strong>⁶⁰·</strong></span> <span class='ocrx_word' id='word_1_120' title='bbox 549 2777 790 2826; x_wconf 87' lang='lat' dir='ltr'><strong>nerunt</strong></span> <span class='ocrx_word' id='word_1_121' title='bbox 810 2804 828 2838; x_wconf 87' lang='lat'>‚</span> <span class='ocrx_word' id='word_1_122' title='bbox 880 2785 990 2828; x_wconf 87' lang='lat' dir='ltr'><strong>res</strong></span> <span class='ocrx_word' id='word_1_123' title='bbox 1020 2782 1421 2850; x_wconf 85' lang='lat' dir='ltr'><strong>repererunt</strong></span> <span class='ocrx_word' id='word_1_124' title='bbox 1449 2766 1736 2829; x_wconf 85' lang='lat' dir='ltr'><strong>turbatas</strong></span> <span class='ocrx_word' id='word_1_125' title='bbox 1755 2806 1771 2837; x_wconf 88' lang='lat'>‚</span> <span class='ocrx_word' id='word_1_126' title='bbox 1818 2777 1884 2825; x_wconf 89' lang='lat' dir='ltr'><strong>et</strong></span> <span class='ocrx_word' id='word_1_127' title='bbox 1912 2778 2376 2848; x_wconf 76' lang='lat' dir='ltr'><strong>lmperatorem</strong></span> <span class='ocrx_word' id='word_1_128' title='bbox 2404 2784 2573 2847; x_wconf 85' lang='lat' dir='ltr'><strong>prae</strong></span> 
     </span>
     <span class='ocr_line' id='line_1_20' title="bbox 548 2844 2570 2931; baseline 0.001 -25"><span class='ocrx_word' id='word_1_129' title='bbox 548 2844 825 2912; x_wconf 86' lang='lat' dir='ltr'><strong>militum</strong></span> <span class='ocrx_word' id='word_1_130' title='bbox 866 2846 1217 2910; x_wconf 88' lang='lat' dir='ltr'><strong>insolentia</strong></span> <span class='ocrx_word' id='word_1_131' title='bbox 1255 2847 1339 2911; x_wconf 73' lang='lat' dir='ltr'><strong>n&#39;e</strong></span> <span class='ocrx_word' id='word_1_132' title='bbox 1384 2848 1485 2910; x_wconf 88' lang='lat' dir='ltr'><strong>sui</strong></span> <span class='ocrx_word' id='word_1_133' title='bbox 1522 2847 1789 2931; x_wconf 89' lang='lat' dir='ltr'><strong>quidem</strong></span> <span class='ocrx_word' id='word_1_134' title='bbox 1821 2859 2177 2929; x_wconf 87' lang='lat' dir='ltr'><strong>potentem.</strong></span> <span class='ocrx_word' id='word_1_135' title='bbox 2250 2852 2407 2911; x_wconf 86' lang='lat' dir='ltr'><strong>Nam</strong></span> <span class='ocrx_word' id='word_1_136' title='bbox 2441 2846 2570 2921; x_wconf 86' lang='lat' dir='ltr'><strong>illi,</strong></span> 
     </span>
     <span class='ocr_line' id='line_1_21' title="bbox 547 2923 2573 3015; baseline 0.001 -26"><span class='ocrx_word' id='word_1_137' title='bbox 547 2923 882 3012; x_wconf 83' lang='lat' dir='ltr'><strong>postquam</strong></span> <span class='ocrx_word' id='word_1_138' title='bbox 913 2927 1109 2992; x_wconf 84' lang='lat' dir='ltr'><strong>aestas</strong></span> <span class='ocrx_word' id='word_1_139' title='bbox 1135 2972 1153 3004; x_wconf 87' lang='lat'>‚</span> <span class='ocrx_word' id='word_1_140' title='bbox 1196 2930 1263 2991; x_wconf 92' lang='lat' dir='ltr'><strong>in</strong></span> <span class='ocrx_word' id='word_1_141' title='bbox 1296 2951 1487 3015; x_wconf 84' lang='lat' dir='ltr'><strong>quam</strong></span> <span class='ocrx_word' id='word_1_142' title='bbox 1516 2927 1950 3013; x_wconf 82' lang='lat' dir='ltr'><strong>promiserant</strong></span> <span class='ocrx_word' id='word_1_143' title='bbox 1981 2949 2020 2991; x_wconf 94' lang='lat' dir='ltr'><strong>o</strong></span> <span class='ocrx_word' id='word_1_144' title='bbox 2072 2950 2240 3002; x_wconf 60' lang='lat' dir='ltr'><strong>erm,</strong></span> <span class='ocrx_word' id='word_1_145' title='bbox 2278 2928 2573 3003; x_wconf 87' lang='lat' dir='ltr'><strong>transiit,</strong></span> 
     </span>
     <span class='ocr_line' id='line_1_22' title="bbox 551 2952 2578 3108; baseline 0.001 -38"><span class='ocrx_word' id='word_1_146' title='bbox 551 3009 828 3092; x_wconf 88' lang='lat' dir='ltr'><strong>sumptis</strong></span> <span class='ocrx_word' id='word_1_147' title='bbox 872 3012 1104 3085; x_wconf 88' lang='lat' dir='ltr'><strong>armis,</strong></span> <span class='ocrx_word' id='word_1_148' title='bbox 1171 3010 1540 3096; x_wconf 85' lang='lat' dir='ltr'><strong>strictisque</strong></span> <span class='ocrx_word' id='word_1_149' title='bbox 1578 3010 1812 3094; x_wconf 83' lang='lat' dir='ltr'><strong>gladiis</strong></span> <span class='ocrx_word' id='word_1_150' title='bbox 1852 2952 2090 3092; x_wconf 57' lang='lat' dir='ltr'><strong>egi-effi</strong></span> <span class='ocrx_word' id='word_1_151' title='bbox 2119 3024 2578 3108; x_wconf 77' lang='lat' dir='ltr'><strong>provocarunt</strong></span> 
     </span>
     <span class='ocr_line' id='line_1_23' title="bbox 547 3087 2575 3179; baseline 0.001 -28"><span class='ocrx_word' id='word_1_152' title='bbox 547 3087 828 3153; x_wconf 79' lang='lat' dir='ltr'><strong>hostemt</strong></span> <span class='ocrx_word' id='word_1_153' title='bbox 873 3105 961 3166; x_wconf 88' lang='lat' dir='ltr'><strong>et,</strong></span> <span class='ocrx_word' id='word_1_154' title='bbox 1006 3091 1337 3179; x_wconf 86' lang='lat' dir='ltr'><strong>postquam</strong></span> <span class='ocrx_word' id='word_1_155' title='bbox 1372 3092 1789 3177; x_wconf 87' lang='lat' dir='ltr'><strong>comparebat</strong></span> <span class='ocrx_word' id='word_1_156' title='bbox 1822 3112 2039 3166; x_wconf 86' lang='lat' dir='ltr'><strong>nemo,</strong></span> <span class='ocrx_word' id='word_1_157' title='bbox 2071 3092 2183 3153; x_wconf 75' lang='lat' dir='ltr'><strong>diu</strong></span> <span class='ocrx_word' id='word_1_158' title='bbox 2213 3092 2390 3158; x_wconf 87' lang='lat' dir='ltr'><strong>enim</strong></span> <span class='ocrx_word' id='word_1_159' title='bbox 2418 3106 2575 3154; x_wconf 87' lang='lat' dir='ltr'><strong>ante</strong></span> 
     </span>
     <span class='ocr_line' id='line_1_24' title="bbox 550 3171 2577 3260; baseline 0.002 -28"><span class='ocrx_word' id='word_1_160' title='bbox 550 3171 665 3233; x_wconf 90' lang='lat' dir='ltr'><strong>ille</strong></span> <span class='ocrx_word' id='word_1_161' title='bbox 703 3194 774 3233; x_wconf 90' lang='lat' dir='ltr'><strong>se</strong></span> <span class='ocrx_word' id='word_1_162' title='bbox 808 3190 1155 3260; x_wconf 88' lang='lat' dir='ltr'><strong>receperat</strong></span> <span class='ocrx_word' id='word_1_163' title='bbox 1180 3219 1194 3246; x_wconf 79' lang='lat'>.</span> <span class='ocrx_word' id='word_1_164' title='bbox 1237 3176 1571 3260; x_wconf 86' lang='lat' dir='ltr'><strong>impletam</strong></span> <span class='ocrx_word' id='word_1_165' title='bbox 1602 3172 1809 3236; x_wconf 82' lang='lat' dir='ltr'><strong>testati</strong></span> <span class='ocrx_word' id='word_1_166' title='bbox 1840 3172 2057 3247; x_wconf 84' lang='lat' dir='ltr'><strong>fidem,</strong></span> <span class='ocrx_word' id='word_1_167' title='bbox 2107 3196 2295 3259; x_wconf 87' lang='lat' dir='ltr'><strong>quam</strong></span> <span class='ocrx_word' id='word_1_168' title='bbox 2326 3175 2577 3237; x_wconf 91' lang='lat' dir='ltr'><strong>Lucul-</strong></span> 
     </span>
     <span class='ocr_line' id='line_1_25' title="bbox 548 3252 2576 3342; baseline 0.002 -28"><span class='ocrx_word' id='word_1_169' title='bbox 548 3252 618 3316; x_wconf 90' lang='lat' dir='ltr'><strong>lo</strong></span> <span class='ocrx_word' id='word_1_170' title='bbox 649 3253 1006 3329; x_wconf 60' lang='lat' dir='ltr'><strong>dedinent,</strong></span> <span class='ocrx_word' id='word_1_171' title='bbox 1052 3273 1321 3342; x_wconf 88' lang='lat' dir='ltr'><strong>praeter</strong></span> <span class='ocrx_word' id='word_1_172' title='bbox 1366 3258 1672 3340; x_wconf 82' lang='lat' dir='ltr'><strong>exiguum</strong></span> <span class='ocrx_word' id='word_1_173' title='bbox 1713 3255 1997 3341; x_wconf 87' lang='lat' dir='ltr'><strong>aliquem</strong></span> <span class='ocrx_word' id='word_1_174' title='bbox 2036 3278 2415 3331; x_wconf 87' lang='lat' dir='ltr'><strong>numerum,</strong></span> <span class='ocrx_word' id='word_1_175' title='bbox 2466 3261 2576 3319; x_wconf 85' lang='lat' dir='ltr'><strong>ca&#39;-</strong></span> 
     </span>
     <span class='ocr_line' id='line_1_26' title="bbox 550 3332 2576 3423; baseline 0.001 -26"><span class='ocrx_word' id='word_1_176' title='bbox 550 3332 673 3398; x_wconf 81' lang='lat' dir='ltr'><strong>stra</strong></span> <span class='ocrx_word' id='word_1_177' title='bbox 709 3336 836 3399; x_wconf 88' lang='lat' dir='ltr'><strong>reli</strong></span> <span class='ocrx_word' id='word_1_178' title='bbox 888 3353 1150 3401; x_wconf 88' lang='lat' dir='ltr'><strong>uerunt.</strong></span> <span class='ocrx_word' id='word_1_179' title='bbox 1235 3340 1586 3411; x_wconf 89' lang='lat' dir='ltr'><strong>Lucullus,</strong></span> <span class='ocrx_word' id='word_1_180' title='bbox 1635 3337 1811 3423; x_wconf 90' lang='lat' dir='ltr'><strong>quod</strong></span> <span class='ocrx_word' id='word_1_181' title='bbox 1849 3339 2042 3401; x_wconf 87' lang='lat' dir='ltr'><strong>aliter</strong></span> <span class='ocrx_word' id='word_1_182' title='bbox 2080 3359 2151 3401; x_wconf 87' lang='lat' dir='ltr'><strong>se</strong></span> <span class='ocrx_word' id='word_1_183' title='bbox 2182 3338 2407 3402; x_wconf 86' lang='lat' dir='ltr'><strong>facere</strong></span> <span class='ocrx_word' id='word_1_184' title='bbox 2437 3360 2576 3402; x_wconf 89' lang='lat' dir='ltr'><strong>non</strong></span> 
     </span>
     <span class='ocr_line' id='line_1_27' title="bbox 549 3419 2576 3504; baseline 0 -23"><span class='ocrx_word' id='word_1_185' title='bbox 549 3419 735 3502; x_wconf 77' lang='lat' dir='ltr'><strong>poss&#39;e</strong></span> <span class='ocrx_word' id='word_1_186' title='bbox 763 3419 830 3480; x_wconf 88' lang='lat' dir='ltr'><strong>vi</strong></span> <span class='ocrx_word' id='word_1_187' title='bbox 881 3421 1032 3482; x_wconf 86' lang='lat' dir='ltr'><strong>ebat</strong></span> <span class='ocrx_word' id='word_1_188' title='bbox 1054 3464 1070 3494; x_wconf 91' lang='lat'><strong>‚</strong></span> <span class='ocrx_word' id='word_1_189' title='bbox 1114 3422 1497 3487; x_wconf 89' lang='lat' dir='ltr'><strong>Valerianas</strong></span> <span class='ocrx_word' id='word_1_190' title='bbox 1530 3420 1838 3504; x_wconf 84' lang='lat' dir='ltr'><strong>legiones</strong></span> <span class='ocrx_word' id='word_1_191' title='bbox 1866 3419 2150 3483; x_wconf 84' lang='lat' dir='ltr'><strong>dimisit:</strong></span> <span class='ocrx_word' id='word_1_192' title='bbox 2195 3435 2576 3483; x_wconf 84' lang='lat' dir='ltr'><strong>ceterorum</strong></span> 
     </span>
     <span class='ocr_line' id='line_1_28' title="bbox 548 3500 2578 3599; baseline 0.001 -38"><span class='ocrx_word' id='word_1_193' title='bbox 548 3500 831 3562; x_wconf 86' lang='lat' dir='ltr'><strong>militum</strong></span> <span class='ocrx_word' id='word_1_194' title='bbox 887 3502 1065 3599; x_wconf 65' lang='lat' dir='ltr'><strong>quod</strong></span> <span class='ocrx_word' id='word_1_195' title='bbox 1117 3517 1259 3565; x_wconf 86' lang='lat' dir='ltr'><strong>erat</strong></span> <span class='ocrx_word' id='word_1_196' title='bbox 1306 3502 1783 3576; x_wconf 87' lang='lat' dir='ltr'><strong>turbulentius,</strong></span> <span class='ocrx_word' id='word_1_197' title='bbox 1861 3502 2206 3564; x_wconf 88' lang='lat' dir='ltr'><strong>Glabrioni</strong></span> <span class='ocrx_word' id='word_1_198' title='bbox 2255 3502 2578 3565; x_wconf 81' lang='lat' dir='ltr'><strong>tradidit:</strong></span> 
     </span>
     <span class='ocr_line' id='line_1_29' title="bbox 550 3582 2578 3683; baseline 0.002 -41"><span class='ocrx_word' id='word_1_199' title='bbox 550 3582 760 3654; x_wconf 76' lang='lat' dir='ltr'><strong>alios,</strong></span> <span class='ocrx_word' id='word_1_200' title='bbox 810 3585 1046 3668; x_wconf 76' lang='lat' dir='ltr'><strong>qulbus</strong></span> <span class='ocrx_word' id='word_1_201' title='bbox 1089 3585 1255 3646; x_wconf 85' lang='lat' dir='ltr'><strong>nihil</strong></span> <span class='ocrx_word' id='word_1_202' title='bbox 1299 3599 1439 3647; x_wconf 86' lang='lat' dir='ltr'><strong>erat</strong></span> <span class='ocrx_word' id='word_1_203' title='bbox 1480 3584 1693 3659; x_wconf 87' lang='lat' dir='ltr'><strong>domi,</strong></span> <span class='ocrx_word' id='word_1_204' title='bbox 1754 3583 1932 3666; x_wconf 86' lang='lat' dir='ltr'><strong>quod</strong></span> <span class='ocrx_word' id='word_1_205' title='bbox 1975 3606 2062 3646; x_wconf 90' lang='lat' dir='ltr'><strong>ne</strong></span> <span class='ocrx_word' id='word_1_206' title='bbox 2111 3586 2280 3646; x_wconf 90' lang='lat' dir='ltr'><strong>lecto</strong></span> <span class='ocrx_word' id='word_1_207' title='bbox 2314 3584 2578 3683; x_wconf 76' lang='lat' dir='ltr'><strong>plebis-</strong></span> 
     </span>
    </p>
   </div>
   <div class='ocr_carea' id='block_1_9' title="bbox 552 3664 2583 3813">
    <p class='ocr_par' dir='ltr' id='par_1_11' title="bbox 552 3664 2583 3813">
     <span class='ocr_line' id='line_1_30' title="bbox 552 3664 2583 3762; baseline 0.002 -38"><span class='ocrx_word' id='word_1_208' title='bbox 552 3664 1165 3762; x_wconf 38' lang='lat' dir='ltr'><strong>cito&#39;adimeretur,</strong></span> <span class='ocrx_word' id='word_1_209' title='bbox 1226 3666 1556 3753; x_wconf 86' lang='lat' dir='ltr'><strong>aliquanto</strong></span> <span class='ocrx_word' id='word_1_210' title='bbox 1600 3668 1949 3753; x_wconf 88' lang='lat' dir='ltr'><strong>aequiores</strong></span> <span class='ocrx_word' id='word_1_211' title='bbox 1991 3687 2071 3730; x_wconf 87' lang='lat' dir='ltr'><strong>su</strong></span> <span class='ocrx_word' id='word_1_212' title='bbox 2158 3668 2367 3752; x_wconf 69' lang='lat' dir='ltr'><strong>sigma</strong></span> <span class='ocrx_word' id='word_1_213' title='bbox 2414 3687 2583 3731; x_wconf 88' lang='lat' dir='ltr'><strong>con-</strong></span> 
     </span>
     <span class='ocr_line' id='line_1_31' title="bbox 557 3757 2109 3813; baseline 0.005 -7"><span class='ocrx_word' id='word_1_214' title='bbox 557 3757 782 3810; x_wconf 77' lang='lat' dir='ltr'><strong>tinuit.</strong></span> <span class='ocrx_word' id='word_1_215' title='bbox 2100 3798 2109 3813; x_wconf 80' lang='grc'><strong>.</strong></span> 
     </span>
    </p>
   </div>
   <div class='ocr_carea' id='block_1_10' title="bbox 547 3982 2583 4202">
    <p class='ocr_par' dir='ltr' id='par_1_12' title="bbox 547 3982 2583 4202">
     <span class='ocr_line' id='line_1_32' title="bbox 615 3982 2577 4061; baseline 0.005 -25"><span class='ocrx_word' id='word_1_216' title='bbox 615 3982 839 4056; x_wconf 85' lang='lat' dir='ltr'><strong>Gap.1.</strong></span> <span class='ocrx_word' id='word_1_217' title='bbox 890 3986 1020 4041; x_wconf 83' lang='lat' dir='ltr'><strong>Liv.</strong></span> <span class='ocrx_word' id='word_1_218' title='bbox 1054 3988 1214 4056; x_wconf 86' lang='lat' dir='ltr'><strong>Epit.</strong></span> <span class='ocrx_word' id='word_1_219' title='bbox 1266 3987 1432 4043; x_wconf 84' lang='lat' dir='ltr'><strong>Flor.</strong></span> <span class='ocrx_word' id='word_1_220' title='bbox 1463 3988 1519 4057; x_wconf 78' lang='grc'><strong>3,</strong></span> <span class='ocrx_word' id='word_1_221' title='bbox 1554 4006 1610 4057; x_wconf 91' lang='lat'><strong>7.</strong></span> <span class='ocrx_word' id='word_1_222' title='bbox 1662 3987 1922 4061; x_wconf 77' lang='lat' dir='ltr'><strong>Appian.</strong></span> <span class='ocrx_word' id='word_1_223' title='bbox 1975 4007 2007 4044; x_wconf 88' lang='lat' dir='ltr'><strong>a</strong></span> <span class='ocrx_word' id='word_1_224' title='bbox 2055 3987 2135 4043; x_wconf 90' lang='lat' dir='ltr'><strong>ud</strong></span> <span class='ocrx_word' id='word_1_225' title='bbox 2168 3984 2367 4043; x_wconf 83' lang='lat' dir='ltr'><strong>Ursin&#39;.</strong></span> <span class='ocrx_word' id='word_1_226' title='bbox 2437 3988 2577 4046; x_wconf 75' lang='lat' dir='ltr'>Liv.</span> 
     </span>
     <span class='ocr_line' id='line_1_33' title="bbox 547 4048 2583 4131; baseline 0.006 -27"><span class='ocrx_word' id='word_1_227' title='bbox 547 4048 709 4123; x_wconf 83' lang='lat' dir='ltr'><strong>Epit.</strong></span> <span class='ocrx_word' id='word_1_228' title='bbox 782 4055 930 4127; x_wconf 77' lang='lat' dir='ltr'><strong>Cap.</strong></span> <span class='ocrx_word' id='word_1_229' title='bbox 958 4056 1037 4110; x_wconf 90' lang='lat'><strong>11.</strong></span> <span class='ocrx_word' id='word_1_230' title='bbox 1073 4057 1226 4113; x_wconf 88' lang='lat' dir='ltr'><strong>Plut.</strong></span> <span class='ocrx_word' id='word_1_231' title='bbox 1260 4057 1488 4111; x_wconf 79' lang='lat' dir='ltr'><strong>Lucull.</strong></span> <span class='ocrx_word' id='word_1_232' title='bbox 1528 4076 1577 4109; x_wconf 93' lang='lat' dir='ltr'><strong>c.</strong></span> <span class='ocrx_word' id='word_1_233' title='bbox 1602 4059 1689 4123; x_wconf 79' lang='lat'><strong>73.</strong></span> <span class='ocrx_word' id='word_1_234' title='bbox 1726 4059 1862 4125; x_wconf 88' lang='lat' dir='ltr'><strong>Dio,</strong></span> <span class='ocrx_word' id='word_1_235' title='bbox 1899 4058 1940 4114; x_wconf 87' lang='lat' dir='ltr'><strong>l.</strong></span> <span class='ocrx_word' id='word_1_236' title='bbox 2034 4096 2052 4112; x_wconf 85' lang='lat'><strong>.</strong></span> <span class='ocrx_word' id='word_1_237' title='bbox 2091 4056 2244 4113; x_wconf 84' lang='lat' dir='ltr'><strong>Plut.</strong></span> <span class='ocrx_word' id='word_1_238' title='bbox 2297 4057 2424 4116; x_wconf 80' lang='lat' dir='ltr'><strong>cic.</strong></span> <span class='ocrx_word' id='word_1_239' title='bbox 2459 4076 2583 4131; x_wconf 83' lang='lat' dir='ltr'><strong>pro</strong></span> 
     </span>
     <span class='ocr_line' id='line_1_34' title="bbox 551 4118 2256 4202; baseline 0.006 -27"><span class='ocrx_word' id='word_1_240' title='bbox 551 4118 707 4196; x_wconf 76' lang='lat' dir='ltr'><strong>Lege</strong></span> <span class='ocrx_word' id='word_1_241' title='bbox 738 4121 949 4179; x_wconf 82' lang='lat' dir='ltr'><strong>Manil.</strong></span> <span class='ocrx_word' id='word_1_242' title='bbox 984 4143 1037 4180; x_wconf 92' lang='lat' dir='ltr'><strong>c.</strong></span> <span class='ocrx_word' id='word_1_243' title='bbox 1078 4144 1133 4199; x_wconf 78' lang='lat'><strong>9.</strong></span> <span class='ocrx_word' id='word_1_244' title='bbox 1171 4124 1435 4202; x_wconf 74' lang='lat' dir='ltr'><strong>Appian.</strong></span> <span class='ocrx_word' id='word_1_245' title='bbox 1476 4126 1746 4185; x_wconf 80' lang='lat' dir='ltr'><strong>mithrid.</strong></span> <span class='ocrx_word' id='word_1_246' title='bbox 2249 4155 2256 4178; x_wconf 67' lang='grc' dir='ltr'>ι</span> 
     </span>
    </p>
   </div>
   <div class='ocr_carea' id='block_1_11' title="bbox 548 1626 2690 1727">
    <p class='ocr_par' dir='ltr' id='par_1_13' title="bbox 548 1626 2690 1727">
     <span class='ocr_line' id='line_1_35' title="bbox 548 1626 2690 1727; baseline -0.003 -32"><span class='ocrx_word' id='word_1_247' title='bbox 548 1630 645 1696; x_wconf 87' lang='lat' dir='ltr'><strong>ris</strong></span> <span class='ocrx_word' id='word_1_248' title='bbox 675 1629 874 1693; x_wconf 73' lang='lat' dir='ltr'><strong>rebus</strong></span> <span class='ocrx_word' id='word_1_249' title='bbox 910 1633 1060 1695; x_wconf 78' lang='lat' dir='ltr'><strong>usus</strong></span> <span class='ocrx_word' id='word_1_250' title='bbox 1082 1676 1100 1707; x_wconf 90' lang='lat'>‚</span> <span class='ocrx_word' id='word_1_251' title='bbox 1148 1634 1379 1695; x_wconf 88' lang='lat' dir='ltr'><strong>multas</strong></span> <span class='ocrx_word' id='word_1_252' title='bbox 1417 1633 1484 1693; x_wconf 88' lang='lat' dir='ltr'><strong>in</strong></span> <span class='ocrx_word' id='word_1_253' title='bbox 1518 1626 1897 1727; x_wconf 81' lang='lat' dir='ltr'><strong>potestatem</strong></span> <span class='ocrx_word' id='word_1_254' title='bbox 1935 1628 2237 1692; x_wconf 84' lang='lat' dir='ltr'><strong>civitates</strong></span> <span class='ocrx_word' id='word_1_255' title='bbox 2272 1629 2570 1712; x_wconf 76' lang='lat' dir='ltr'><strong>redegit.</strong></span> <span class='ocrx_word' id='word_1_256' title='bbox 2689 1695 2690 1698; x_wconf 8' lang='grc' dir='ltr'><strong>Ἴ</strong></span> 
     </span>
    </p>
   </div>
   <div class='ocr_carea' id='block_1_12' title="bbox 2163 1958 2694 2026">
    <p class='ocr_par' dir='ltr' id='par_1_14' title="bbox 2163 1958 2694 2026">
     <span class='ocr_line' id='line_1_36' title="bbox 2163 1958 2694 2026; baseline -0.002 -7"><span class='ocrx_word' id='word_1_257' title='bbox 2163 1972 2332 2019; x_wconf 84' lang='lat' dir='ltr'><strong>acto.</strong></span> <span class='ocrx_word' id='word_1_258' title='bbox 2407 1958 2572 2019; x_wconf 89' lang='lat' dir='ltr'><strong>Inde</strong></span> <span class='ocrx_word' id='word_1_259' title='bbox 2693 2009 2694 2026; x_wconf 64' lang='grc'>,</span> 
     </span>
    </p>
   </div>
  </div>
 </body>
</html>
