2717 4667
475 208 479 212 “
531 227 615 307 36
707 244 1268 314 FREINSHEMII
1301 243 2125 346 SUPPLEMENTQRUM
2139 245 2291 312 ιω,
2307 242 2475 308 xm.

228 476 297 531 U,
314 493 368 530 ο,
391 474 515 542 664,
539 457 717 534 cisque
743 441 882 534 suis¹
895 457 1039 536 petit
1057 497 1076 528 ‚
1122 474 1187 515 ut
1221 452 1482 534 adversus
1530 453 1856 517 Nicomedis·
1876 456 2115 538 injurias
2148 455 2356 516 auxilio
2370 451 2529 534 fitis,

229 549 305 601 A.
342 546 408 600 C.
423 543 516 601 88.
543 556 661 607 aut.
672 537 1009 616 injuriarum
1047 540 1333 598 coerceatis
1374 554 1665 598 auctorem.
2525 579 2536 589 .

184 662 420 731 Bithyni
437 677 515 715 η.
663 644 958 707 XXXVI.
1025 642 1126 705 Ad
1184 640 1347 704 haec
1392 642 1696 725 Bithyni,
1755 663 1904 705 nam
1953 657 2020 707 et
2055 643 2136 704 ab
2170 638 2535 711 Nicomede

165 734 445 805 spondent.
538 725 738 810 legati
799 724 1103 806 aderant3
1175 722 1368 809 Quam
1388 725 1572 803 justas
1621 745 1811 787 contra
1861 725 2256 788 Mithridatem
2292 726 2533 786 inimici-

382 805 405 828 *
541 814 648 869 tias
696 807 1013 867 Nicomedes
1049 825 1213 890 gerat
1234 849 1252 880 ‚
1306 810 1562 888 ignorare
1599 829 1746 868 nemo
1773 808 1949 890 potest
1970 852 1988 885 ‚
2050 812 2143 891 qui
2185 809 2493 882 meminerit
2511 848 2533 881 ,

532 888 720 972 paullo
751 897 876 948 an‘te
926 891 1200 951 Socratem
1221 931 1238 962 ‚
1300 890 1548 949 Ponticis
1581 893 1753 950 armis
1787 890 2110 967 instructum
2130 933 2148 964 ‚
2213 887 2537 963 Bithyniam

538 967 783 1052 invastffi’
805 992 824 1029 .·
866 974 1178 1053 quieturum
1224 977 1404 1043 certe}
1451 970 1770 1053 fratrisque
1817 978 1990 1034 aetati
2036 972 2389 1055 conceffurum
2406 1011 2424 1044 ,
2470 972 2540 1029 ni

526 1052 728 1137 fuisset
776 1072 811 1110 a
869 1052 1219 1114 Mithridate
1274 1054 1350 1113 ad
1401 1053 1756 1133 parricidiale
1806 1052 2008 1117 bellum
2058 1055 2361 1144 instigatus.
2447 1052 2537 1112 Et

217 1202 230 1216 ‚
538 1137 664 1196 haec
699 1152 889 1200 contra
924 1135 1082 1194 illum
1122 1134 1469 1195 Nicomedem
1507 1130 1715 1213 fiebant
1728 1178 1747 1211 ‚
1790 1139 1886 1217 qui
1918 1157 1953 1195 a
1986 1136 2135 1198 vobis
2168 1156 2290 1196 erat
2320 1131 2535 1210 Bithy-

203 1221 325 1276 Non
334 1241 410 1285 se,
426 1221 517 1275 sed
541 1222 660 1278 niae
693 1238 798 1276 rex
822 1211 1171 1294 constitutus.
1268 1217 1427 1277 Unde
1458 1237 1565 1276 non
1609 1218 1790 1297 nostra
1829 1223 1997 1302 magis
2026 1261 2045 1292 ‚
2108 1238 2269 1301 quam
2310 1213 2488 1293 vestra
2510 1256 2532 1290 ‚

166 1291 440 1374 Romanos
458 1324 479 1357 2
540 1300 803 1371 Romani,
873 1298 997 1359 haec
1032 1296 1289 1380 censenda
1317 1301 1529 1379 injuria
1559 1297 1651 1377 est.
1733 1298 1993 1384 ,Quorum
2031 1298 2128 1360 ille
2157 1317 2347 1361 nomen
2389 1299 2535 1355 ami-

118 1413 131 1428 ι
165 1379 203 1483 2
241 1362 301 1413 M
302 1363 467 1442 '‘¹¹²1''
539 1385 821 1461 titiumque
863 1384 1055 1461 quanti
1087 1380 1272 1463 faciat
1286 1423 1305 1455 ‚
1367 1400 1437 1441 ex
1471 1380 1597 1441 aliis
1625 1401 1834 1463 qnoque
1874 1382 2035 1465 gestis
2071 1384 2190 1465 ejus
2216 1395 2536 1462 promptum

146 1465 159 1476 ‘
207 1441 440 1501 ‘mpm’
537 1463 611 1540 cst
640 1462 970 1545 intelligere.
1057 1462 1303 1543 Populus
1356 1463 1634 1523 Romanus
1680 1462 1939 1545 Astaticos
1978 1485 2073 1525 nos
2110 1483 2263 1546 reges
2304 1466 2362 1521 in
2405 1461 2534 1520 Eu-

535 1563 723 1628 ropam
792 1545 1176 1605 transcendere
1236 1549 1434 1604 vetuit.
1522 1545 1630 1605 Sed
1672 1546 1760 1606 hic
1819 1541 2169 1629 Chersonnefi'
2214 1544 2536 1626 pleramque

530 1644 750 1709 partem
789 1623 1043 1707 poffidet.
1104 1630 1259 1707 atqui
1316 1627 1571 1707 Europae
1615 1631 1761 1710 regio
1810 1625 2199 1710 Cherstmnefics
2240 1624 2335 1704 est.
2420 1622 2538 1684 Sed

537 1711 837 1768 omittimus
877 1708 1043 1789 plura
1079 1706 1283 1786 hostilis
1324 1711 1453 1791 er'ga
1488 1730 1584 1770 vos
1627 1730 1683 1770 et
1713 1711 2100 1792 ‘contemptoris
2136 1711 2337 1780 animi,
2396 1723 2539 1786 quae

436 1863 441 1866 ,
528 1788 773 1873 protulit
794 1831 812 1862 ‚
879 1790 1079 1850 indicia
1129 1810 1557 1852 commemorare.
1643 1791 1880 1871 Majora
1930 1796 2070 1852 enim
2091 1834 2108 1865 ‚
2172 1810 2227 1849 et
2249 1831 2268 1864 ‚
2329 1787 2434 1869 nili
2471 1789 2540 1847 in

537 1889 774 1953 tempore
803 1869 1013 1931 obviam
1047 1874 1145 1931 itis
1165 1913 1184 1945 ‚
1230 1871 1508 1931 acerbiora
1529 1872 1671 1954 sunt
1685 1915 1703 1943 ‚
1747 1893 1881 1955 quae
1920 1873 2323 1958 exspectantur.

246 1985 510 2057 Apparet·
658 1977 983 2043 XXXVII.
1028 1975 1309 2061 ,Quorsum
1350 1980 1493 2038 'enim
1527 1982 1769 2063 ingentes
1797 1980 1886 2041 illi
1918 2001 1951 2039 a
1977 1997 2234 2062 paratus,
2281 1996 2364 2037 tot
2397 1993 2433 2057 p
2470 1995 2537 2035 o-

159 2068 274 2109 sum
289 2060 410 2124 ‘1¹⁶⁸
424 2073 510 2111 '²-
531 2064 684 2142 priae
727 2064 904 2140 copiae
933 2101 951 2130 ‚
1023 2079 1185 2141 atque
1219 2059 1322 2119 illa
1355 2080 1475 2120 cum
1517 2081 1600 2122 tot
1652 2058 1777 2120 aliis
1823 2066 1942 2146 regi
2012 2086 2040 2124 s
2077 2081 2130 2121 et
2157 2057 2372 2143 populis
2441 2079 2541 2117 oe-

158 2136 383 2181 wmm·
534 2143 669 2202 dera
712 2141 1037 2222 pertinent?
1098 2160 1233 2223 quae
1269 2161 1324 2201 et
1354 2141 1654 2224 tranquille
1695 2146 1908 2204 victuro
1932 2144 2332 2227 supervacanea
2391 2158 2498 2199 unt
2517 2181 2538 2213 ,

534 2246 629 2284 nec
671 2221 920 2304 'projecto
973 2241 1163 2282 contra
1219 2222 1569 2283 Nicomedem
1609 2226 1995 2306 providentur.
2083 2226 2321 2286 Praeter
2352 2223 2545 2283 dome-

520 2305 694 2385 sticas
731 2308 883 2365 vires
903 2347 921 2378 ‚
969 2303 1142 2387 socios
1189 2303 1498 2380 Thracum„
1532 2304 1706 2387 socios
1740 2307 2062 2385 Scytharum
2093 2304 2319 2389 populos
2353 2301 2540 2364 habet.

535 2386 725 2449 Habet
755 2406 811 2447 et
845 2390 1135 2448 Armeniae
1174 2407 1349 2469 regem
1396 2409 1503 2448 non
1546 2391 1785 2449 amicitia
1822 2390 1976 2452 modo
2001 2432 2018 2464 ‚
2074 2388 2182 2471 sed
2228 2391 2392 2446 etiam
2430 2385 2542 2444 ad-

526 2466 751 2549 finitate
766 2512 783 2543 ,
847 2471 1208 2550 conjunctum.
1295 2469 1370 2529 In
1402 2471 1617 2547 Syriam
1639 2511 1656 2544 ,
1719 2474 1779 2531 in
1811 2474 2121 2554 Aegyptum
2153 2464 2377 2548 miffitat
2396 2509 2435 2540 ‚.
2475 2486 2548 2527 ut

536 2551 761 2611 illorum
810 2571 1018 2634 quoque
1070 2571 1260 2635 regum
1305 2550 1725 2613 benevolentiam
1761 2570 1944 2634 paret.
2031 2552 2220 2611 Naves
2251 2557 2417 2633 porro
2454 2569 2547 2609 te-

538 2653 653 2693 ctas
696 2655 861 2714 quum
901 2634 1092 2695 habeat
1124 2645 1397 2693 trecentas
1416 2677 1434 2708 ‚
1480 2633 1618 2694 alias
1654 2633 1874 2716 infhper
1904 2629 2261 2712 exaedificare
2296 2653 2402 2693 non
2435 2632 2545 2691 de-

523 2712 686 2796 finit.
726 2714 1122 2796 gubernatores
1156 2734 1318 2794 atque
1348 2733 1605 2797 proretas
1620 2758 1639 2792 ,
1683 2719 1892 2799 magnis
1925 2712 2219 2798 propositis
2239 2717 2506 2798 praemiis
2524 2756 2544 2788 ‚

412 2809 437 2818 ⁴
510 2800 608 2855 ”e'x
646 2801 893 2878 Aenypto
926 2815 981 2855 et
1014 2797 1300 2858 Phoenicia
1333 2797 1625 2880 sollicitat.

248 2912 515 2964 Onussam
663 2903 1019 2970 XXXVIII.
1065 2903 1284 2966 Scilicet
1318 2902 1615 2988 fitperbum
1662 2907 1900 2965 animum
1956 2901 2202 2984 Phrygia
2233 2921 2293 2962 et
2328 2901 2553 2982 Cappa..

168 2981 392 3033 irarum
419 2995 512 3030 α·
543 2986 693 3047 docia
740 2983 956 3067 *amiffize
991 3004 1200 3069 angunt
1218 3009 1236 3045 .·
1293 2987 1438 3067 quod
1487 3007 1682 3050 eontra
1722 2989 1835 3046 vim
1880 3005 1936 3045 et
1968 2984 2217 3066 astutiam
2262 2984 2554 3043 Ponticam

166 3058 449 3120 '’mmm‘’
541 3067 719 3147 vestra
750 3063 1017 3148 recepistis
1037 3110 1055 3140 ‚
1100 3068 1314 3142 aliena,
1363 3068 1557 3151 quibus
1591 3067 1963 3141 debebantur,
2010 3065 2348 3144 reddidistis.
2435 3064 2554 3127 Ille

536 3155 779 3233 primum
821 3149 981 3208 dolor
1032 3153 1267 3210 animum
1306 3150 1672 3211 Mithridatis
1712 3152 1921 3210 avertit
1950 3168 1983 3206 a
2023 3148 2173 3207 vobis
2191 3191 2209 3221 ‚
2283 3147 2550 3208 Romani:

542 3229 640 3293 ille
693 3252 811 3292 cum
854 3231 1065 3291 invidia
1105 3251 1352 3312 metuque
1398 3231 1825 3316 magnitudinem
1879 3228 2109 3308 vestram
2149 3233 2355 3289 intueri
2404 3227 2557 3311 cogit

544 3317 821 3375 inimicum
856 3311 1117 3373 bominem
1132 3355 1151 3387 ‚
1196 3332 1252 3372 et
1273 3311 1383 3394 sub
1407 3314 1629 3374 obtentu
1672 3311 1979 3391 nostrarum
2003 3314 2417 3372 inimicitiarum
2463 3332 2556 3372 oc..

546 3391 773 3477 castones
806 3413 997 3454 contra
1032 3394 1279 3471 vestrum,
1300 3398 1585 3476 imperium
1620 3413 1940 3476 captantem.

674 3476 967 3544 XXXIX.
1013 3475 1211 3559 Qare
1247 3496 1416 3557 neque
1446 3476 1699 3538 dubitare
1732 3474 2004 3558 poffiamus
2018 3516 2038 3548 ‚
2096 3493 2194 3534 vos
2213 3518 2232 3549 ‚
2288 3472 2560 3555 quemad..

548 3560 763 3619 modum
802 3566 952 3619 viros
984 3559 1286 3640 prudentes
1319 3558 1470 3620 decet
1490 3602 1507 3634 ‚
1561 3558 1849 3641 sactorum
1879 3560 2054 3639 ipsius
2072 3598 2089 3629 ‚
2152 3576 2332 3639 quam,
2349 3555 2554 3618 verbo-

549 3661 675 3700 rum
694 3683 710 3714 ‚
788 3641 1047 3719 majorem
1086 3637 1367 3698 habituros
1401 3646 1667 3701 rationem
1708 3636 1808 3721 effi’
1826 3662 1845 3699 .·
1905 3659 1972 3699 ne
2011 3656 2109 3696 aut
2150 3637 2215 3698 ob
2246 3635 2441 3718 fictum
2488 3659 2557 3698 a-

549 3725 782 3781 micitiae
814 3723 1004 3781 nomen
1046 3720 1248 3799 vestros
1278 3726 1481 3802 optima
1509 3719 1625 3801 fide
1658 3727 1852 3781 amicos
1894 3717 2235 3782 Mithridati
2258 3719 2557 3803 prodatis,-

549 3822 649 3861 aut
679 3802 917 3880 vestrum
941 3800 1267 3883 senatusque
1299 3804 1367 3863 de
1406 3804 1503 3865 hoc
1543 3824 1709 3888 regno
1730 3802 2012 3883 judicium
2048 3819 2083 3858 a
2118 3805 2381 3864 communi
2413 3801 2569 3890 hoste,

548 3884 735 3966 fperni
765 3882 1066 3965 violarique
1081 3884 1316 3967 feratis.

551 4068 1067 4213 &ga-Kbssiiiaiffivl.
1102 4070 1385 4126 Memnon
1410 4065 1567 4143 apud
1592 4067 1762 4126 Phot.
1796 4066 2049 4145 Appiam.
2087 4067 2442 4182 stum-¹⁸⁷⁶
2472 4088 2542 4147 1».-
