2717 4667
485 246 496 257 ·
573 237 668 301 m
701 233 1004 303 noem
1049 174 1216 299 nm.
1260 191 1422 300 cm.
1465 232 1694 305 mvn.
1880 312 1887 317 ,
2016 234 2139 313 541

140 441 453 524 Nepotis,
500 454 737 525 nomen
766 424 901 527 legi
929 442 1515 527 praescriberetur.
1590 439 1724 508 Sed
1756 441 1829 521 id
1866 434 2138 526 quidem
2202 414 2271 493 U·
2302 455 2358 495 Β·
2382 438 2511 519 ⁶9⁸·

145 524 483 587 omiss'umt
529 527 822 587 voluntas
865 541 1078 588 tamen
1113 542 1401 612 spectata
1442 523 1883 590 senatus.est.“
2195 504 2360 564 A.C.
2386 518 2476 566 00·

268 632 501 695 LXIV.
555 631 805 694 Eodem
853 653 1018 694 anno
1052 631 1312 695 Faustus
1337 644 1367 705 ,'
1415 634 1632 697 Sullae
1675 632 2015 695 dictatoris
2054 629 2129 692 fi·
2192 644 2420 712 Faustus

142 710 299 785 lius,
347 734 617 779 munere
642 714 1052 795 gladiatorie,
1143 715 1272 777 uod
1304 712 1373 777 in
1400 717 1607 800 patris
1638 716 1953 777 honorem
1977 714 2130 774 ede·
2165 714 2327 795 75⁸1!ae
2343 716 2502 770 tua„

143 792 294 866 bat,
341 797 587 879 populo
633 795 1069 880 magnificenti
1124 816 1318 857 unum
1366 798 1652 881 epulum,
1704 798 2001 859 balneum
2052 798 2218 856 uem
2240 788 2487 866 ‘copenga

146 888 212 936 et
265 875 481 936 oleum
531 877 730 942 dedit.
814 879 1225 962 Apollinares
1332 899 1545 963 noque
1603 879 1740 940 ludi
1792 816 2134 961 magnizce
2156 854 2494 920 pnnu‘m·

143 956 345 1018 facti:
404 960 782 1043 primusque
826 974 958 1020 tum
1000 962 1076 1021 P.
1120 960 1308 1043 Spint
1358 982 1434 1022 er
1482 959 1820 1023 theatralia
1862 961 2008 1023 vela
2056 978 2138 1020 ex

146 1039 422 1100 carbaso
463 1039 664 1102 duxit.
709 1040 980 1103 ostendit
1022 1056 1086 1103 et
1126 1042 1466 1124 amphoras
1507 1063 1588 1103 ex
1623 1041 1890 1124 onyche,
1918 1042 2136 1105 Chio-

144 1141 298 1182 rum
340 1122 783 1204 magnitudine
828 1123 1167 1185 cadorum:
1226 1124 1403 1207 quod
1453 1144 1715 1207 magnae
1760 1139 1893 1185 tum
1932 1122 2149 1207 admi-3

143 1203 431 1276 rationi,
493 1224 613 1265 nec
653 1204 993 1266 diuturnae
1026 1205 1189 1267 fuit:
1258 1222 1453 1288 quum
1489 1205 1656 1267 intra
1743 1207 1991 1266 uintum
2025 1206 2142 1265 de-

147 1283 308 1361 inde
354 1305 587 1345 annum
631 1288 966 1349 columnae
999 1287 1271 1369 triginta
1313 1285 1588 1348 duorum
1620 1311 1664 1372 p
1755 1309 1858 1348 um
1894 1287 2143 1372 magni-

147 1365 381 1427 tudine
418 1387 499 1428 ex
533 1368 766 1430 eodem
805 1368 1017 1453 lapide
1046 1365 1574 1431 monstrarentur.
1745 1383 1751 1389 ·

284 1474 484 1538 LXV.
530 1476 701 1535 Dum
729 1475 889 1538 haec
923 1475 992 1536 in
1022 1473 1188 1537 urbe
1217 1474 1643 1570 gerebantur,
1687 1475 1924 1537 Caesar
1951 1471 2145 1534 Lusi-

149 1566 341 1617 tanos
398 1556 771 1640 insulasque
826 1557 1167 1617 nonnullas
1219 1577 1287 1617 m
1340 1576 1584 1618 oceano
1636 1556 1791 1618 sitas
1847 1556 2006 1618 sube
2054 1555 2159 1627 it,

154 1632 352 1723 quum
405 1637 474 1698 in
526 1640 910 1700 ulteriorem
946 1637 1327 1722 Hispaniam
1371 1659 1452 1699 ex
1492 1652 1795 1723 praetura
1831 1639 1981 1700 veni
2038 1648 2142 1708 et,

154 1722 246 1780 M.
279 1719 482 1781 Crass'i
520 1740 645 1804 ope
677 1722 1091 1816 profectione
1126 1733 1456 1792 maturata,
1502 1719 1615 1804 qui
1645 1720 1774 1780 sibi
1803 1722 2149 1782 Caesarem

159 1815 380 1862 contra
409 1802 707 1885 Pompej1
754 1821 1151 1887 praegraves
1199 1818 1361 1884 opes
1415 1802 1719 1885 cupiebat
1767 1801 2144 1943 adjungere.

158 1883 382 1966 Igitur,
430 1904 622 1967 quum
664 1907 697 1945 a
736 1883 1177 1946 creditoribus
1212 1885 1617 1945 retineretur
1648 1886 1905 1955 Caesar,
2007 1903 2146 1942 ras·
2190 1901 2537 1958 Cannu„

157 1984 270 2024 sus
314 1985 438 2047 pro
482 1985 561 2025 eo
603 1967 957 2051 spopondit
1000 1966 1363 2028 ducenties.
1448 1970 1642 2038 Nam,
1686 1986 1809 2047 per
1846 1960 2146 2025 ambitie—
2174 1975 2431 2028 alimum.

133 2065 302 2110 ,nem
348 2043 561 2107 effuso
602 2050 1030 2132 patrimoni0‚
1075 2060 1542 2131 contractoque
1583 2047 1766 2130 gravi
1802 2064 1959 2113 aere
1990 2045 2171 2105 alie:

152 2147 276 2200 no,
337 2129 540 2190 multo
591 2131 735 2212 plus
784 2130 1097 2204 debebat,
1166 2149 1353 2213 quam
1393 2128 1614 2211 redigi
1658 2148 1741 2189 ex
1777 2127 1975 2190 bonis
2011 2126 2153 2208 ejus

151 2210 488 2349 po'tuiss'et.
537 2211 878 2296 auditaque
923 2232 1049 2275 vox
1092 2210 1183 2274 est
1217 2211 1538 2283 dicentis,
1584 2229 1714 2289 opus
1743 2209 1850 2288 sibi
1892 2208 1993 2289 effe
2026 2207 2157 2267 mil-

179 2296 292 2363 ies,
339 2311 404 2352 ut
443 2291 635 2353 habeat
675 2293 831 2354 nihil.
919 2296 1003 2354 At
1043 2308 1182 2354 tum
1217 2292 1421 2371 Crass'i
1467 2311 1666 2375 opera
1703 2288 2171 2352 onerosissimo‘

156 2390 422 2456 quoque
461 2373 1131 2470 importuniffimoque
1182 2372 1587 2435 creditorum
1622 2373 1894 2443 levatus,
1940 2370 2159 2454 prius·
2230 2440 2245 2451 Ι

158 2475 351 2538 quam
386 2457 767 2540 provinciae
796 2471 1217 2528 ornarentur,
1261 2468 1490 2535 contra
1521 2473 1768 2521 morem
1802 2453 1890 2514 ita
1924 2448 2160 2513 celeri-

158 2548 265 2598 ter
300 2536 640 2620 prosectus
676 2535 801 2609 est,
860 2551 931 2598 ut
977 2537 1345 2620 ambiguum
1391 2536 1836 2618 relinqueret,
1894 2547 2156 2594 metune

158 2607 433 2697 judicu,
479 2639 593 2689 an,
641 2641 769 2703 quo
808 2620 1120 2681 maturius
1160 2617 1361 2680 sociis
1396 2616 1893 2702 implorantibus
1921 2614 2158 2679 subve-

161 2699 459 2774 niretur,
504 2698 841 2763 festinarit.

283 2807 519 2895 LXVI.
578 2806 773 2888 Ajunt
810 2809 877 2869 in
920 2807 1159 2870 itinere
1194 2826 1318 2892 per
1346 2805 1592 2890 Alpes,
1637 2825 1833 2889 quum
1875 2800 1956 2867 ad
1999 2823 2155 2866 con·
2206 2809 2522 2887 Effusam&-

163 2902 463 2971 spectum
491 2890 800 2974 pauperis
834 2891 965 2953 vici
985 2891 1272 2967 ¹comites
1309 2887 1449 2968 ejus
1534 2907 1609 2949 er
1635 2888 1850 2969 jocum
1879 2887 2055 2948 inter
2084 2888 2284 2946 seue.

164 2984 743 3031 controverterent
768 3013 785 3043 ‚
845 2992 915 3032 an
950 2966 1066 3032 illic
1101 2976 1264 3032 etiam
1282 2968 1364 3051 sit
1407 2989 1492 3029 am
1528 2973 1691 3028 irioni
1721 2968 1913 3029 locus?
1979 2969 2188 3029 serio·

164 3051 397 3112 dixiss'e
435 3054 773 3115 Caesarem
796 3097 812 3127 ,
855 3054 1016 3114 malle
1040 3053 1102 3135 ft
1134 3052 1212 3113 ibi
1240 3055 1518 3132 primum,
1561 3070 1720 3128 quam
1749 3051 1948 3109 Romae
1962 3051 2162 3130 secun-
2212 3110 2219 3119 τ

161 3130 338 3204 dum,
400 3132 522 3214 effi.
610 3140 767 3197 Nam
818 3134 1151 3218 ingenium
1202 3130 1666 3195 dominationis
1716 3131 2011 3204 avidum,
2062 3148 2161 3193 -ne

166 3214 526 3299 quidquam
572 3216 864 3299 cogitare
906 3218 1080 3278 aliud
1119 3215 1365 3301 poss'et,
1402 3212 1731 3276 ominibus
1767 3214 1969 3277 variis
2013 3232 2165 3276 ere-

167 3309 346 3358 ctum
385 3298 455 3357 in
494 3317 677 3381 spem
712 3297 1016 3382 potiundi
1050 3297 1286 3359 fuerat.
1802 3328 1806 3333 ·

295 3403 558 3466 LXVII.
623 3402 836 3497 Quum
879 3403 1087 3465 adhuc
1177 3399 1429 3463 uaestor
1472 3400 1542 3461 in
1578 3399 1807 3461 eadem
1841 3399 2161 3483 Hispania
2207 3368 2544 3469 Voreda-in·
2650 3408 2657 3413 “
2696 3390 2697 3395 ’

174 3498 537 3546 conventus
571 3485 982 3557 circumiret,
1042 3484 1105 3563 ju
1161 3506 1202 3544 u
1232 3482 1500 3547 Veteris
1539 3480 1800 3542 Antistii
1828 3480 2161 3564 praetoris
2180 3485 2408 3543 ‘Imm'
2426 3475 2558 3524 ‘'¹¹⁸²-

175 3567 315 3633 sui:
386 3566 527 3628 visa
572 3567 860 3630 Gadibus
910 3567 981 3626 in
1020 3565 1331 3628 Herculis
1366 3563 1522 3625 fano
1556 3562 1909 3624 Alexandri
1943 3542 2360 3659 Magnissf'm'i
2389 3543 2518 3594 Δι’·

171 3648 462 3731 imagine
482 3691 499 3721 2
550 3648 908 3732 ingemuit,
961 3667 1085 3709 nec
1119 3646 1260 3708 sine
1297 3643 1584 3709 lacrimis
1618 3643 1785 3706 dixit
1812 3644 1893 3706 ad
1917 3662 2165 3725 amicos
2181 3609 2409 3687 »uam

244 3855 397 3926 Cap.
428 3852 633 3909 Lxm.
688 3853 961 3909 Aeschin.
998 3851 1060 3908 in
1094 3853 1388 3910 Timarch.
1438 3852 1594 3910 Plut.
1635 3850 1943 3920 Praecept.
1980 3847 2162 3904 Polit.

178 3924 329 3996 Cap.
359 3924 566 3979 LXIV.
599 3924 735 3978 Dio.
774 3924 899 3977 Cic.
935 3922 996 3975 in
1022 3924 1220 3978 Vatin.
1254 3941 1307 3977 c.
1332 3925 1416 3979 13.
1455 3922 1604 3977 Ptin.
1631 3939 1714 3988 ιι),
1743 3940 1789 3975 ι.
1828 3917 1974 3971 Ptin.
1997 3918 2161 3995 3657.
2180 3936 2197 3945 ·

177 3993 329 4063 Cap.
361 3994 538 4048 LXV.
585 3992 718 4051 Dio.
773 3992 1013 4049 Sueton.
1048 3992 1220 4047 Caes.
1258 4009 1308 4046 c.
1346 3993 1427 4047 ιθ.
1477 3990 1628 4045 Plnt.
1683 3991 1853 4044 Caes.
1906 3986 2164 4062 Appiae.

179 4060 359 4117 civil.
389 4060 431 4115 l.
461 4080 515 4117 2.
561 4060 718 4115 Plut.
758 4061 1002 4119 sueton.
1088 4060 1238 4132 Gap.
1261 4061 1467 4119 LXVI.
1515 4058 1669 4114 Plut.
1756 4059 1899 4128 Cap.
1932 4054 2167 4114 vall.

178 4128 406 4189 Auctor
442 4128 517 4184 de
549 4129 622 4187 Β.
652 4129 819 4203 ῌὶερ.
851 4128 954 4183 fin.
990 4127 1236 4187 Sueten.
1273 4129 1443 4197 Caes.
1477 4145 1530 4183 e.
1558 4143 1645 4199 7..
1870 4176 1877 4185 .
1908 4180 1917 4185 -
