2717 4667
647 191 768 322 ἠύ
835 235 1400 344 FREleHEnn
1421 211 2252 302 SUPPLEMENTORUM'*
2277 227 2566 322 Lam.
2636 190 2643 197 ⁴

492 453 617 523 677.
647 446 878 509 simum
910 444 1071 521 fuit,
1115 466 1255 507 rem
1267 444 1506 589 ¹paullo
1550 463 1748 542 supra
1778 444 2014 528 repeti,
2079 444 2159 506 ad
2196 443 2418 521 multa,
2460 403 2605 531 unae

1297 547 1332 587 e

261 469 264 474 ·
336 452 404 507 U.
423 471 475 507 c.

339 523 615 594 A·(3·75·
646 530 819 590 scire
857 529 1147 588 lecturos
1188 549 1262 590 re
1335 541 1436 601 rt,
1495 527 1842 611 profuerit.
1927 524 2265 610 Postquam
2356 531 2601 603 rimum,

640 610 978 693 'Scipionis
1023 607 1372 671 deficiente
1414 610 1741 681 exercitu,
1791 608 2124 670 Sertorius
2163 609 2233 669 in
2328 605 2605 694 ispaniam

632 691 947 765 abiverat,
974 703 1107 753 tum
1129 690 1556 754 admiratione
1578 690 1843 752 virtutis
1868 704 1934 752 et
1954 687 2321 764 industriae,
2343 705 2474 752 tum
2491 711 2603 753 am-

628 773 875 835 bitioso
905 794 980 834 ac
1005 775 1138 836 leni
1159 772 1463 857 imperio,
1557 772 2010 833 rovincialium
2044 772 2234 833 simul
2258 773 2603 858 civiumque

627 856 1089 927 Romanorum,
1138 857 1250 938 qui
1287 853 1452 914 locis
1489 853 1622 912 ilis
1645 851 2091 925 consederant,
2137 854 2226 915 ita
2256 857 2606 917 conciliavit

628 935 879 995 animos
898 978 915 1005 ‚
959 950 1029 997 ut
1058 936 1280 1019 paullo
1309 931 1469 1018 post,
1512 954 1747 1017 magno
1780 934 2073 995 exercitu
2101 947 2353 1008 coacto,
2398 937 2467 998 C.
2490 939 2605 997 An-

593 1016 780 1089 'nio‚
838 1016 1024 1077 miss'u
1072 1018 1288 1079 Sullae
1325 1017 1401 1076 'in
1431 1014 1557 1074 His
1597 1015 1802 1075 aniam
1842 1017 2062 1087 eunti,
2125 1036 2240 1078 sex
2282 1018 2482 1080 millia
2518 1039 2607 1078 ar·

628 1111 984 1170 matorum,
1031 1097 1195 1160 duce
1235 1099 1430 1160 Livio
1473 1039 1875 1170 Salinatore,
1925 1118 1964 1157 o
2014 1117 2262 1181 ponere
2302 1100 2605 1181 potuerit3

623 1180 782 1264 qui,
836 1179 1167 1265 occupatis
1202 1180 1524 1265 Pyrenaei
1564 1177 1867 1263 angustiis
1893 1222 1910 1254 ‚
1961 1120 2262 1244 Sullanos
2305 1179 2481 1246 aditu
2521 1202 2607 1243 ar-

632 1273 884 1323 cerent.
1566 1271 1577 1294 ³
1831 1271 1835 1278 ’

300 1429 584 1497 Sertorius
751 1420 952 1481 xxa.
999 1415 1133 1481 Sed
1169 1419 1590 1482 obtruncatus
1624 1443 1659 1482 a
1690 1418 2043 1503 Calpurnio
2070 1419 2350 1482 Lanario
2382 1418 2610 1482 Salina·

221 1537 224 1546 ⁴
271 1504 343 1553 ab
393 1502 571 1558 Annio
629 1516 774 1574 tor,
838 1522 1031 1585 quem
1084 1498 1454 1564 fidiffimum
1501 1504 1857 1566 amicorum
1905 1501 2311 1576 crediderat,
2379 1503 2452 1565 C.
2490 1502 2610 1561 An-

264 1568 489 1638 P¹⁸¹⁸¹‘⁸·
626 1585 810 1645 nium
854 1584 1073 1645 subito
1117 1584 1392 1645 immisit
1437 1604 1600 1647 neco
1652 1583 2014 1646 inmitibus:
2078 1583 2252 1646 unde
2291 1582 2611 1647 Sertorius
2686 1593 2689 1640 ε

627 1685 774 1728 cum
811 1666 1022 1738 tribus
1061 1665 1395 1729 hominum
1431 1666 1596 1727 milli
1645 1689 1719 1728 us
1756 1666 2208 1728 Carthavinem
2246 1685 2512 1738 novam,
2555 1676 2613 1725 et

625 1747 782 1808 inde
816 1747 1088 1810 navibus
1122 1747 1190 1807 in
1219 1746 1644 1821 Mauritaniae
1678 1748 1834 1810 litus
1869 1715 2185 1831 perffugit.
2263 1747 2419 1821 Sed,
2462 1747 2612 1807 mul-

534 1839 538 1848 '
621 1830 712 1892 tis
755 1829 1071 1891 militibus
1114 1829 1287 1904 inter
1327 1829 1689 1911 aquandum
1739 1830 1959 1908 subita·
1988 1829 2412 1898 barbarorum
2456 1831 2615 1889 irru-

619 1912 852 1995 ptione
896 1911 1167 1984 amima,
1215 1922 1398 1969 retro
1443 1911 1587 1971 vela
1626 1911 1825 1974 fecit:
1872 1911 2240 1994 iterumque
2286 1912 2611 1996 repulsus,

616 1992 881 2054 adscitis
922 1992 1274 2075 piratarum
1312 1990 1589 2052 Cilicum
1622 1992 1980 2076 paronibus
2005 2033 2021 2064 ,
2118 1994 2468 2057 raesidium
2494 1994 2614 2053 An·
2688 2051 2689 2062 ,

615 2074 713 2135 nii
757 2075 824 2134 in
856 2075 1119 2153 Pityusa
1161 2071 1369 2144 insula⁴
1412 2072 1804 2156 improvisus
1846 2093 2054 2157 oppre
2114 2075 2184 2135 it.
2271 2076 2442 2148 Sed,
2492 2075 2613 2140 An·

615 2155 730 2217 nio
764 2176 1056 2237 magnam
1093 2153 1349 2217 claffem
1385 2174 1529 2214 cum
1560 2178 1689 2250 nna
1716 2157 1980 2240 legione
2010 2155 2399 2230 adducente,
2430 2175 2614 2240 proe-
2688 2197 2689 2202 κ

615 2237 709 2316 lio
749 2237 958 2299 navali
1005 2257 1231 2320 parum
1273 2236 1593 2319 prospero
1631 2259 1823 2312 usus,
1871 2237 2048 2322 quod
2082 2259 2281 2302 naves
2317 2239 2500 2300 illius
2533 2239 2616 2299 le·
2688 2249 2689 2294 ;

616 2339 732 2382 ves
832 2339 1143 2402 arumque
1204 2315 1423 2394 firmas
1478 2331 1667 2381 ¹ortus
1715 2320 1891 2383 forte
1940 2334 2174 2383 ventus
2233 2321 2614 2402 disjecerat,

664 2399 755 2464 ost
823 2421 1062 2485 ongum
1105 2415 1171 2464 et
1209 2419 1427 2462 acrem
1468 2400 1807 2487 naufragii
1829 2415 2109 2476 metum,
2173 2403 2394 2485 paullo
2432 2422 2618 2486 supra

625 2555 636 2562 .
675 2484 840 2546 aetis
887 2483 1093 2545 amnis
1138 2480 1294 2547 ostia
1333 2482 1673 2570 applicuit.
2058 2513 2065 2522 ‘

271 2623 482 2733 fagani
509 2679 572 2717 a.
735 2643 966 2703 xxm.
1030 2641 1163 2704 Sub
1210 2640 1385 2703 idem
1422 2653 1682 2723 tempus
1721 2654 1952 2703 nautae
1995 2655 2230 2701 recens
2274 2657 2357 2698 ex
2399 2634 2616 2696 insulis

229 2736 378 2803 gitat
404 2732 478 2785 ad
503 2733 587 2783 in·
613 2723 958 2786 Atlanticis
995 2724 1246 2806 revecti
1287 2723 1601 2785 miracula
1634 2723 2008 2784 narrabant:
2055 2720 2213 2782 duas
2252 2716 2616 2780 ibi·inru1as

230 2801 586 2855 ³⁹¹⁰5F0788·
614 2805 1019 2890 propinquas
1064 2805 1239 2885 inter
1284 2827 1354 2867 se
1376 2848 1394 2880 ‚
1442 2813 1509 2867 et
1547 2804 1776 2868 decem
1813 2804 2101 2866 millibus
2137 2799 2354 2863 stadiis
2390 2798 2615 2882 procul

231 2882 418 2927 ”⁴¹⁶⁸
617 2907 654 2949 a
696 2886 984 2950 Gadibus
1045 2887 1235 2962 sitas,
1298 2899 1535 2972 suopte
1580 2888 1850 2971 ingenio
1893 2887 2193 2948 alimenta
2237 2880 2616 2943 mortalibus

619 2967 952 3052 gignere.·
1005 2970 1210 3052 Igitur
1253 2971 1594 3031 'Fortunatae
1641 2968 2079 3030 vocabantur:
2144 2980 2212 3028 et
2260 2963 2378 3026 bas
2431 2962 2618 3023 intel-

559 3083 566 3088 ·
620 3052 848 3114 lexiss'e
874 3052 1230 3113 Homerum
1262 3054 1457 3114 etiam
1482 3049 1653 3135 apud
1677 3051 1991 3112 barbaros
2022 3045 2375 3118 obtinebat,
2427 3063 2618 3131 quum

621 3133 883 3215 Elysios
926 3153 1187 3218 campos
1225 3134 1558 3219 ,sedesque
1598 3133 1939 3196 beatorum
1983 3128 2416 3192 describeret.
2501 3128 2619 3186 Ea·

623 3237 771 3278 rum
806 3217 970 3289 effe,
1018 3236 1182 3300 quae
1220 3216 1423 3279 hodie
1462 3220 1727 3278 Canariae
1760 3229 2108 3286 vocantur,
2154 3231 2235 3272 ex
2277 3209 2476 3269 modo
2512 3228 2618 3301 na-

624 3297 1011 3382 vigationis,
1074 3311 1141 3360 et
1193 3297 1635 3384 descriptione
1674 3298 2023 3369 locorum,
2093 3307 2158 3356 et
2196 3310 2359 3376 quae
2399 3289 2482 3351 de
2517 3287 2619 3349 his
2683 3319 2685 3336 ι

622 3379 796 3465 apud
828 3380 1153 3452 Plinium,
1200 3395 1466 3443 auctore
1508 3380 1671 3443 Juba
1711 3400 1908 3462 rege,
1951 3388 2328 3446 narrantur,
2372 3391 2619 3466 prope-

619 3462 884 3524 modum
933 3460 1195 3524 constat.
1237 3473 1244 3479 ’
1280 3464 1404 3524 His
1444 3463 1648 3548 igitur
1686 3460 2037 3522 intellectis
2079 3454 2359 3520 traditur
2402 3452 2620 3515 taedio

619 3544 1060 3628 praesentium
1107 3545 1482 3620 Sertorius,
1544 3558 1610 3606 et
1643 3564 1727 3603 ne
1770 3555 1880 3603 aut
1915 3541 2135 3603 facere
2173 3549 2281 3597 aut
2320 3536 2456 3618 pati
2492 3550 2622 3597 tam

618 3624 820 3688 tristia
854 3627 1177 3689 necess‘um
1211 3628 1405 3701 effet,
1462 3626 1680 3712 fugam
1713 3625 1782 3685 in
1814 3623 2166 3708 longinqua
2197 3617 2448 3682 Oceani
2485 3615 2620 3699 agi-

617 3709 881 3782 taviss'e‚
935 3708 1105 3792 apud
1139 3711 1525 3772 Fortunatas
1571 3707 1715 3769 illas
1752 3702 2028 3780 insulas,
2075 3700 2251 3788 quod
2290 3698 2623 3786 reliquum

620 3790 781 3853 effet
817 3792 997 3866 aevi,
1045 3791 1111 3853 in
1148 3791 1373 3878 quiete
1412 3803 1778 3854 exacturus.

653 4009 658 4016 ’
686 4020 830 4092 Cap.
850 4021 1003 4082 xxl.
1036 4023 1189 4077 Plut.
1226 4022 1458 4082 Sertor.
1487 4038 1540 4076 c.
1562 4038 1615 4090 9.
1654 4020 1720 4075 1..
1744 4017 1975 4091 Ampel.
2013 4016 2168 4073 Plut.
2236 4011 2620 4087 cap.xxl11.

613 4088 864 4144 Hieron.
898 4088 1178 4145 adversus
1200 4089 1390 4144 Rufin.
1420 4090 1563 4146 Sall.
1593 4090 1811 4143 Incert.
1836 4092 1922 4145 26.
1951 4087 2105 4141 Plut.
2141 4085 2351 4143 Cellar.
2384 4082 2617 4156 Geogr.

611 4158 752 4218 Ant.
784 4158 828 4213 l.
857 4163 913 4228 4.
953 4176 1006 4215 c.
1034 4179 1093 4229 7.
1131 4159 1284 4217 Plio.
1315 4163 1383 4225 6‚=
1402 4161 1492 4219 3².
1523 4159 1679 4215 Plut.
1720 4157 1867 4214 San.
1896 4158 2112 4216 Incert.
2138 4163 2307 4211 aocet
2326 4152 2410 4210 26.
