2717 4667
532 193 623 308 m
663 239 964 307 Locum
1000 241 1167 306 Lm.
1209 242 1619 311 Lxxxvm.
1660 241 1888 309 mvn.
2091 243 2212 310 233

212 449 556 516 obsidione
592 453 840 514 Marius
873 450 1116 523 fuerit,
1178 452 1328 537 quia
1371 452 1593 527 multi,
1644 452 1717 515 fu
1766 473 1802 514 a
1845 451 1925 515 ad
1960 455 2208 516 Lucre·
2264 454 2336 511 U.
2357 473 2410 509 e.
2431 456 2554 522 670.

210 537 364 597 tium
402 523 641 605 delati,
687 534 980 617 perditas
1018 533 1582 619 res,=oppreffum
1617 535 1710 599 Su
1761 556 1882 610 am,
1926 554 2207 621 occupa-
2262 524 2535 583 A·0·8²·

210 630 328 679 tam
364 618 604 680 urbem
635 615 1045 678 nunciabant.

323 726 473 786 XV.
521 725 861 797 Ceterum,
911 723 1243 786 adnitente
1273 722 1359 785 im
1412 736 1708 798 eratore,
1755 737 1822 787 et
1848 724 1998 810 quia
2029 724 2203 787 clau·
2260 733 2458 803 Eepost
2472 748 2571 788 an-

219 805 303 867 sis
335 805 556 889 portis
598 805 771 868 aliud
809 805 1208 891 praesidium
1243 807 1355 867 nul
1383 813 1490 867 um
1526 821 1868 890 supererat
1890 850 1905 880 ‚
1948 804 2202 869 restitu-
2227 803 2441 871 ‘'svm'‘
2458 816 2566 884 ‚W-

218 901 271 949 ta
318 890 500 949 acies
555 886 680 957 est:
743 887 1131 972 demumque
1181 886 1322 973 post
1375 889 1649 973 primam
1702 889 1916 967 noetis
1978 888 2204 950 horam
2225 886 2393 954 ἓν*
2414 880 2580 930 ‘'m‘'

216 970 522 1051 superior
556 971 683 1032 effe
717 990 828 1032 res
853 973 1136 1032 Romana
1171 970 1414 1066 coepit.
1457 970 1778 1055 reliquum
1808 971 2021 1034 noctis
2057 990 2205 1033 cae·
2226 954 2344 995 η’·

211 1050 403 1114 dibus
456 1050 712 1126 datum,
778 1049 938 1115 castr
1021 1071 1104 1114 ue
1158 1049 1435 1116 hostium
1489 1065 1672 1134 capta
1724 1066 1891 1117 sunt.
1966 1056 2208 1137 ‚Magna

212 1132 305 1195 ibi
347 1131 593 1217 strages
628 1133 757 1195 fuit
781 1177 798 1204 ‚
846 1073 1021 1220 qugd
1067 1134 1426 1218 imperator
1456 1133 1770 1208 edixerat,
1815 1155 1882 1194 ne
1905 1137 2028 1215 quis
2048 1137 2208 1194 sam,

157 1286 162 1290 p
210 1219 294 1274 nis
341 1219 500 1273 vivus
546 1232 850 1291 caperetur.
946 1215 1051 1277 Ad
1103 1216 1572 1301 quinquaginta
1618 1214 1952 1277 hominum
2001 1216 2206 1284 millia

207 1296 538 1379 utrimque
574 1294 941 1359 desiderata
975 1296 1301 1360 dicuntur.
1357 1299 1430 1359 In
1462 1296 1565 1361 bis
1596 1310 1664 1360 et
1691 1296 1968 1359 Albinus
2000 1298 2206 1360 inter-

210 1376 308 1438 iit.
385 1376 712 1441 Postridie
749 1379 1095 1444 Telesinus
1142 1379 1542 1442 semianimis
1584 1392 1889 1463 repertus
1932 1376 2058 1453 est,
2103 1379 2207 1442 vi·
2291 1397 2297 1408 ⁴

206 1459 414 1521 ctoris
453 1461 694 1545 magis,
739 1482 928 1545 quam
961 1461 1342 1534 morientis,
1387 1460 1589 1523 vultu.
1647 1473 1839 1544 caput
1865 1460 2208 1524 absciss'um

206 1559 354 1604 cum
377 1542 795 1627 Damasippi,
839 1543 1106 1616 Marcii,
1154 1542 1643 1626 Carrinatisque
1684 1542 2043 1625 capitibus,
2134 1543 2205 1604 ui

207 1623 380 1705 capti
414 1623 485 1683 in
518 1623 671 1706 fuga
702 1625 985 1698 fuerant,
1031 1624 1112 1685 ad
1144 1623 1523 1687 Lucretium
1543 1623 1732 1687 'miss'a
1767 1636 1937 1700 sunt,
1983 1638 2056 1688 ut
2084 1645 2122 1687 o
2174 1661 2203 1677 -

203 1705 393 1794 seffis
422 1704 775 1768 Praeneste
810 1704 1327 1772 ostenderentur.

320 1812 498 1875 xvl.
555 1812 887 1875 Hactenus
921 1812 1134 1875 omnia
1164 1811 1383 1875 Sullae
1413 1813 1782 1897 praeclara,
1827 1825 1937 1874 aut
1971 1812 2199 1875 saltem
2256 1820 2412 1877 Sulla
2442 1838 2552 1875 neo.

205 1892 561 1955 excusanda
596 1893 1005 1959 videbantur.
1091 1897 1502 1979 Recuperata
1547 1893 1920 1979 respublica
1942 1937 1959 1969 ,
2015 1907 2197 1977 parta
2219 1907 2309 1944 νη
2347 1902 2526 1944 mutat

204 1974 645 2060 pulcherrima
693 1975 1009 2052 victoria,
1077 1977 1327 2061 patriae
1393 1976 1777 2060 impendens
1833 1976 2201 2062 periculum
2220 1961 2334 2031 ΡΨ
2379 1960 2542 2014 θωΰ-

203 2078 445 2119 summa
478 2058 549 2120 vi
581 2058 953 2143 depulsum,
1015 2058 1405 2120 immortalia
1453 2057 1535 2120 ad
1585 2059 1861 2143 gloriam
1908 2058 2203 2121 facinora
2223 2030 2395 2084 '‘im'‘

198 2153 420 2201 erant:
462 2141 929 2227 Damasippum
960 2140 1188 2213 etiam,
1234 2154 1301 2204 et
1337 2142 1499 2202 alios
1536 2139 1915 2222 ejusmodi„
1938 2138 2204 2203 miseria

191 2221 461 2305 publica
502 2244 570 2284 sa
617 2223 866 2294 inatos,
920 2221 986 2303 ju
1037 2222 1200 2284 ulari
1240 2220 1477 2304 juss'os,
1540 2222 1839 2287 homines
1874 2221 2201 2286 laetaban-

194 2318 326 2363 tur.
371 2303 388 2316 ''
419 2304 556 2366 Sed
666 2303 786 2367 tim
812 2303 973 2369 haec
1048 2324 1241 2367 ecora
1270 2304 1486 2367 omnia
1515 2304 1934 2380 crudelitate,
1998 2325 2199 2388 quan·
2254 2305 2395 2389 Eius
2421 2303 2525 2357 ln·

194 2398 261 2448 ta
303 2386 370 2446 iu
408 2386 593 2449 nullo
631 2385 764 2447 alio
801 2407 1098 2471 umquam
1128 2385 1288 2461 fuit,
1333 2385 1595 2449 foedata
1633 2401 1816 2449 sunt:
1863 2408 1938 2450 ea
1987 2406 2069 2449 ue
2103 2386 2198 2449 fa·
2219 2390 2403 2457 ΜΨ*
2423 2389 2546 2427 ‘'¹'‘

193 2481 303 2550 ‘cta
348 2468 565 2542 edita,
612 2482 679 2530 et
711 2483 839 2530 tam
877 2489 911 2529 a
946 2467 1400 2553 superioribus
1440 2468 1571 2531 viri
1607 2466 1909 2531 institutis
1991 2469 2200 2530 iscre-
2219 2443 2444 2499 “¹⁸¹⁴“

244 2550 419 2611 antia
445 2592 463 2623 ‚
524 2565 596 2612 ut
632 2549 743 2613 vix
777 2548 853 2613 ab
891 2550 1124 2614 eodem
1156 2548 1423 2612 homine
1458 2548 1755 2634 profecta
1789 2550 2200 2614 viderentur.

232 2630 695 2695 iodestiffimus
741 2647 889 2694 ante
937 2633 1314 2703 victoriam,
1360 2631 1551 2694 simul
1587 2632 1851 2715 placere
1892 2633 2055 2704 sibi,
2102 2632 2206 2695 vi·-

195 2715 323 2774 ctis
360 2715 797 2786 Samnitibus,
843 2715 1100 2798 coepit,
1150 2716 1307 2793 (nec
1347 2715 1522 2777 enim
1559 2713 1876 2799 reliquias
1906 2714 2067 2777 belli
2100 2714 2202 2776 ul·-

194 2795 260 2856 lo
305 2796 374 2856 in
407 2816 688 2859 numero
726 2795 1034 2876 ducebat)
1077 2796 1317 2858 Cinnas
1358 2809 1427 2859 et
1451 2795 1735 2869 Marios,
1782 2817 2059 2881 quorum
2088 2818 2204 2860 an·
2404 2835 2437 2844 a

190 2889 296 2938 tea
343 2879 578 2941 solitus
621 2891 764 2939 erat
795 2878 1098 2941 'incusare
1146 2877 1513 2950 saevitiam,
1569 2878 1770 2961 longo
1808 2877 1948 2963 post
1989 2899 2060 2941 se
2099 2879 2203 2939 in-

189 2961 474 3022 tervallo
510 2961 818 3045 reliquit:
865 2961 1006 3023 sive
1048 2980 1282 3023 recens
1322 2961 1520 3021 talem
1556 2959 1838 3032 animum
1869 2960 2202 3023 indiderat

187 3039 482 3117 fortuna,
530 3044 671 3107 sive
710 3041 1165 3105 diss'imulatum
1209 3040 1289 3103 ad
1325 3040 1396 3103 id
1434 3041 1753 3125 temporis
1799 3041 2155 3105 detexerat.

321 3166 530 3228 an.
572 3164 878 3241 Postero,
926 3187 1112 3250 quam
1146 3181 1499 3251 pugnatum
1538 3162 1646 3239 est,
1695 3164 1804 3227 die
1839 3153 2035 3249 quum
2062 3165 2199 3229 An·
2258 3166 2446 3250 Eefam
2485 3168 2545 3224 {n

187 3261 481 3338 temnam
524 3248 832 3321 veniss’et‚
895 3249 1023 3311 tria
1047 3247 1383 3311 hominum
1411 3247 1612 3312 millia
1633 3290 1650 3321 ,
1707 3246 1823 3344 qui
1859 3268 1931 3310 se
1966 3248 2045 3309 ab
2076 3246 2196 3310 ho·
2220 3235 2451 3314 ‘'auf'’-

186 3326 381 3393 stium
420 3330 561 3393 acie
590 3331 1016 3415 abruperant,
1062 3329 1318 3393 veniam
1402 3330 1632 3392 etitum
1664 3337 1943 3392 misere:
1988 3343 2053 3392 et
2082 3329 2196 3393 ille

186 3414 454 3484 annuit,
522 3411 847 3497 siquidem
890 3412 1102 3498 aliqua
1144 3411 1359 3496 priori
1409 3433 1484 3474 us
1536 3409 1739 3474 sociis
1791 3411 1965 3472 illata
2015 3409 2201 3474 clade

186 3494 675 3578 poenitentiam
708 3494 989 3581 partium
1023 3493 1497 3589 approbass'ent.
1564 3492 1667 3556 Illi
1696 3511 1843 3553 cum
1871 3492 2016 3554 aliis
2040 3512 2200 3553 eon-

180 3590 365 3639 serta
399 3596 615 3647 manu,
660 3576 897 3638 amiss'is
928 3595 1300 3670 occisisque
1329 3575 1572 3648 multis,
1605 3587 1763 3658 quot
1787 3587 2196 3658 supererant,

175 3657 487 3741 (cognita
541 3657 716 3719 enim
772 3659 978 3721 cauffa
1025 3655 1353 3729 caedium,
1419 3655 1629 3718 ceteri
1673 3676 1800 3739 quo
1851 3675 1933 3716 ue
1970 3653 2235 3718 eadem·

168 3738 478 3826 auspicia
535 3753 930 3826 sequuturos
988 3737 1329 3819 dixerant)
1380 3737 1460 3801 ad
1517 3751 1670 3801 octo
1723 3675 1926 3799 miliia
1973 3739 2191 3801 Sullae

259 3928 417 4000 Cap.
442 3928 572 3983 XV.
612 3926 867 4010 Appiam
905 3925 1063 3987 Veli.
1100 3924 1191 4000 Ap
1240 3925 1356 4008 ian.
1398 3921 1635 3989 Strabo,
1669 3921 1790 3979 1.5;
1826 3940 1888 3995 p.
1909 3921 2028 4006 ajo.
2075 3922 2191 4008 Ap.

228 3997 355 4051 iau.
398 3995 556 4052 Vell.
595 3998 715 4050 Dio
751 3994 909 4066 apud
936 3995 1135 4050 Vales.
1228 4012 1437 4068 ppian.
1508 3994 1590 4048 Ca
1636 4026 1654 4046 .
1684 3991 1843 4048 xvl.
1880 3992 2191 4067 L1v.Ep1t.

174 4016 336 4124 gall.
374 4064 551 4120 Catil.
592 4084 642 4120 e.
664 4066 754 4123 δι.
791 4064 1101 4140 ιὶν.ΕΡίι.
1139 4064 1278 4122 Dio.
1311 4062 1460 4123 Vell.
1490 4079 1593 4134 ομ
1633 4098 1651 4118 .
1687 4061 2196 4120 Joann.Antioeh.

180 4133 356 4213 apud
387 4134 589 4194 Vales.
636 4133 776 4192 Dio.
811 4131 966 4191 Plut.
