2717 4667
233 187 239 194 ’
350 216 448 314 42
1144 220 1208 290 E
1236 220 1293 289 Ρ
1323 219 1354 290 1
1388 219 1453 288 Τ
1488 216 1552 291 o
1592 218 1758 328 ΜΕ.

359 454 665 520 ctionem
710 447 1001 537 Sulpicii
1032 458 1102 517 et
1141 454 1373 518 Marii
1411 454 1482 517 in
1518 453 1673 536 ipsa
1711 451 1886 518 urbe
1914 456 2297 543 pugnavit,
2349 476 2566 521 eam-

359 570 494 666 que
556 579 848 665 expulit.
922 600 1009 644 ex
1053 598 1198 664 qua
1248 574 1995 648 duodecimasenatu
2045 581 2314 665 hostes,
2361 584 2561 649 inter

358 724 540 792 quos
566 704 634 770 C.
667 704 965 770 Marius
989 712 1199 791 pater
1222 696 1880 792 etfiliuS,judioaii
1900 716 2091 775 sunt.
2141 709 2221 773 P.
2250 701 2562 793 Su'lpici-

244 830 251 838 '
358 849 476 914 us,
496 849 723 916 quum
741 830 810 895 in
836 829 1166 915 quadam
1184 831 1361 898 villa
1387 832 1672 915 lateret,
1696 830 1961 900 indicio
1983 836 2167 901 servi
2183 836 2299 905 sui
2315 844 2555 903 retra-

357 963 519 1021 ctus
541 963 611 1020 et
636 956 915 1022 occisus
942 962 1066 1021 est.
1109 974 1381 1037 servus,
1430 962 1514 1022 ut
1534 958 1945 1041 proemium
1968 961 2413 1043 promissum
2436 961 2558 1026 in-

359 1081 503 1149 dici
542 1080 861 1165 haberet,
905 1083 1434 1165 manumissus,
1475 1089 1549 1148 et
1578 1082 1660 1149 ob
1707 1084 1941 1149 scelus
1974 1083 2246 1169 proditi
2272 1082 2559 1152 domini

360 1208 448 1274 de
472 1227 657 1275 saxo
692 1205 1011 1290 dejectus
1038 1211 1163 1272 est.
1222 1206 1291 1272 C.
1321 1209 1617 1275 Marius
1636 1205 1851 1289 filius
1870 1210 1943 1277 in
1970 1207 2305 1290 Africam
2326 1209 2555 1294 traje-

400 1401 557 1456 ulam
586 1420 725 1475 que,
760 1398 857 1455 vel
873 1397 1258 1473 qgalibrariis
1273 1417 1412 1454 con·
1490 1420 1572 1470 ¹9·
1590 1401 1737 1457 alios
1781 1415 2029 1476 111²‚quos
2046 1401 2245 1458 laudat
2268 1402 2547 1458 Freinsh.

383 1470 565 1537 umli,
602 1469 855 1525 vidimus
891 1467 964 1520 ad
1003 1485 1087 1534 π,
1126 1469 1215 1534 31,
1253 1487 1307 1537 7.
1485 1469 1547 1523 in
1595 1472 1758 1543 Supp
1785 1482 2020 1526 emento
2072 1472 2244 1540 hujus
2291 1472 2395 1525 lib.
2449 1474 2548 1528 28.

431 1541 528 1597 Ex
578 1559 698 1614 quo
751 1535 1084 1601 duodecim
1119 1556 1158 1592 a
1187 1545 1415 1593 senatu
1482 1540 1686 1594 Potest
1762 1540 1943 1613 igitur
1996 1558 2113 1595 vox
2165 1542 2547 1612 promissum

357 1611 571 1672 hostes
595 1620 616 1670 J
666 1627 749 1664 em
787 1625 910 1677 qua
945 1606 1259 1677 legendum
1303 1616 1414 1659 est.
1483 1606 1599 1662 fide
1647 1608 1780 1664 cod.
1834 1608 2000 1663 Leid.
2035 1608 2263 1662 omitti:
2305 1627 2457 1681 quae
2493 1609 2546 1663 si

360 1679 435 1733 ad
467 1695 677 1731 vocem
709 1676 869 1729 enim
891 1672 1249 1755 [actionem
1282 1692 1417 1747 per·
1487 1677 1776 1732 servanda
1809 1688 1926 1744 est,
1968 1676 2197 1745 indici,
2238 1695 2350 1749 pro
2381 1676 2552 1733 indi-

358 1747 527 1802 tinet.
569 1746 715 1800 SIG.
753 1743 1035 1799 Similiter
1058 1743 1218 1798 Voss'.
1242 1741 1415 1796 Leid.
1487 1746 1607 1810 eii,
1676 1764 1809 1800 cum
1841 1745 2149 1801 Gronovio
2184 1744 2547 1818 praeferam.

359 1817 536 1886 Borg.
585 1817 738 1878 Lov.v
767 1835 817 1870 2.
866 1810 1092 1866 Boend.
1133 1812 1272 1863 Exc.
1320 1810 1417 1864 Pi.

360 1885 555 1950 thoei‚
595 1894 652 1937 et
686 1880 780 1937 ed.
813 1881 1017 1950 Camp.
1090 1877 1167 1933 At
1209 1888 1416 1934 contra

359 1952 559 2026 paullo
625 1961 759 2006 ante
798 1966 1090 2022 ¹eumque
1132 1947 1410 2018 expulit,

403 2040 474 2077 ro
527 2038 820 2095 eamque,
892 2027 1207 2089 perperam
1255 2018 1414 2071 Voss'.

359 2040 541 2163 gerg.
577 2086 805 2143 Boend.
846 2097 905 2140 et
934 2084 1068 2139 edd.
1101 2084 1307 2156 Camp.

430 2159 604 2230 Inter
636 2174 788 2232 quos
834 2157 899 2209 0.
934 2153 1194 2211 Marius
1267 2162 1408 2210 ater

361 2237 426 2285 et
457 2226 689 2294 filius]
727 2224 1014 2279 Solebant
1059 2223 1170 2277 hoe
1252 2224 1409 2276 icere

1558 1817 1997 1871 Manumissus
2041 1820 2167 1880 est,
2209 1822 2274 1869 et
2303 1813 2375 1868 ob
2415 1833 2552 1869 sce·

1475 1882 1586 1938 lus
1609 1882 1857 1964 proditi
1883 1881 2145 1942 domini]
2178 1881 2324 1936 Dele
2338 1878 2407 1933 τὸ
2425 1890 2547 1950 est,

1483 1960 1551 2004 ut
1577 1960 1685 2005 sit:
1727 1953 2171 2016 manumissus,
2210 1958 2274 2007 et
2306 1950 2379 2006 ob
2411 1970 2551 2006 sce-

1484 2020 1588 2075 lus
1653 2018 1895 2093 proditi
1950 2017 2193 2075 domini
2251 2017 2328 2074 de
2382 2037 2549 2076 saxo

1484 2086 1765 2164 dejectus
1791 2093 1907 2143 est.
1949 2085 2048 2141 Sic
2066 2085 2318 2140 Gudiani
2339 2087 2545 2141 ambo-

1478 2157 1532 2210 J.
1583 2159 1700 2214 FR,
1728 2156 1977 2211 'GRON.
2036 2155 2325 2210 Similiter
2367 2154 2544 2210 Leid.

1477 2223 1680 2296 Berg.‘
1708 2225 1852 2282 Lov.
1893 2243 1945 2278 α.
1998 2234 2056 2278 et
2102 2226 2236 2279 Exc.
2282 2223 2545 2278 Pithoei.

359 2299 526 2354 inter
563 2313 715 2369 quos
763 2296 825 2350 C.
864 2292 1073 2350 Marii
1114 2301 1297 2361 pater
1348 2299 1413 2346 et

345 2365 555 2433 filius.
593 2366 647 2419 J.
682 2366 800 2418 PR.
828 2362 1060 2417 GRON.
1101 2364 1177 2417 V.
1216 2373 1412 2416 tamen

362 2432 438 2487 ad
466 2431 725 2505 Epit.8,0.
766 2434 1041 2488 Ceterum
1072 2431 1238 2487 inter
1259 2447 1412 2505 quos

362 2503 582 2559 consul
600 2503 856 2560 Marius
871 2502 1047 2573 Berg.
1079 2501 1244 2556 inter
1259 2515 1413 2573 quos

364 2588 528 2627 cons.
559 2573 815 2628 Marius
840 2573 987 2624 Eov.
1008 2588 1061 2624 2.
1093 2570 1321 2624 Boend.
1355 2577 1415 2621 et

363 2638 498 2694 edd.
547 2640 717 2694 Rom.
749 2638 887 2694 anni
926 2640 1078 2702 ¹472·
1115 2655 1183 2691 ac
1214 2640 1411 2694 Parm.

360 2711 532 2764 inter
563 2727 714 2783 quos
744 2707 1002 2764 Marius
1032 2706 1192 2763 Voss'.
1220 2718 1281 2761 et
1315 2705 1410 2761 ed.

362 2780 567 2849 Camp.
605 2778 677 2831 V.
714 2794 893 2846 supra
923 2774 980 2827 h.
1011 2772 1168 2846 Epit.

444 2849 517 2901 Ut
546 2848 898 2917 praemium
930 2844 1224 2914 promissi
1257 2841 1420 2901 indi-

275 2931 292 2946 *
364 2916 450 2971 cii
466 2914 749 2976 haberet]
783 2912 1419 2986 vet-lib.praemium

361 2983 762 3055 promissum.
781 2982 928 3037 SIG.
947 2980 1225 3054 Sigonius
1243 3002 1276 3038 e
1296 2990 1417 3034 vet.

360 3053 760 3125 promissum.
799 3054 953 3122 Lege
973 3059 1046 3105 ut
1059 3054 1419 3123 praemium

407 3121 739 3177 romissum
759 3119 981 3177 indici.
1017 3120 1069 3173 J.
1086 3119 1206 3173 FR.
1227 3119 1413 3176 GRO-

417 3189 547 3244 OV.
612 3196 683 3243 ut
722 3188 1016 3257 promissi
1062 3190 1420 3260 praemium

362 3258 626 3315 haberet
654 3255 882 3315 indicii
903 3256 1134 3312 Boend.
1171 3265 1245 3313 ut
1275 3276 1416 3325 pro·

361 3328 941 3453 πιξεςέἆρνιόετηίηιη
969 3324 1196 3453 ἰέιᾶἰοίἰ
1221 3325 1413 3411 hqbe·

358 3416 427 3454 re
592 3432 607 3448 .
721 3414 815 3449 am
862 3437 878 3452 .
938 3416 980 3451 u
1103 3413 1416 3451 raemium

356 3465 650 3542 promissi
661 3413 1414 3523 indigumhallieretvoff.

362 3542 435 3590 ut
502 3538 816 3592 raemium
855 3534 1150 3608 promissi
1191 3531 1420 3589 indicii

359 3601 444 3660 ha
491 3610 623 3659 eret
647 3605 782 3657 Exc.
813 3603 1081 3672 Pithoei‚
1140 3614 1200 3658 et
1228 3604 1414 3657 Norv.

363 3681 437 3729 ut
485 3674 841 3744 praemium
894 3676 1270 3749 promissum
1324 3671 1419 3725 in·

362 3742 521 3801 dicii
551 3739 815 3798 haberet
845 3745 1024 3810 Berg.
1071 3752 1129 3798 et
1178 3742 1328 3796 Lov.
1363 3759 1417 3794 2.

364 3821 438 3870 ut
529 3811 842 3882 raemium
887 3812 1114 3870 indicii
1159 3808 1425 3880 haberet

361 3832 528 3940 Lens.
558 3880 891 3936 Praemium
909 3882 1261 3954 promissum
1281 3878 1421 3932 fuis·

252 4006 257 4012 .
363 3969 447 4020 se,
483 3946 717 4008 aliunde
742 3968 864 4005 non
888 3952 1122 4008 constat.
1169 3952 1240 4004 V.
1260 3946 1418 4004 Vell.

364 4040 422 4083 2,
474 4043 568 4104 ¹9⁶,
611 4016 865 4088 Appiani.
905 4040 951 4076 ι.
997 4023 1067 4076 Β.
1122 4018 1253 4077 Civ.
1288 4016 1419 4075 386.

362 4091 520 4152 Plut.
551 4105 615 4148 m
639 4088 805 4150 Sulla
829 4106 963 4169 pag.
992 4093 1116 4163 457.
1150 4092 1327 4150 oros.
1359 4090 1416 4160 5,

1481 2298 1631 2349 Tum
1672 2292 1913 2349 domini
1952 2291 2190 2365 proditi
2220 2292 2447 2347 Boend.
2484 2303 2551 2348 et

1481 2361 1616 2417 edd.
1647 2372 1781 2416 ante
1813 2362 2163 2428 Gruterum,
2232 2362 2333 2434 qui
2369 2379 2551 2416 voca-

1480 2431 1758 2486 bulorum
1791 2430 2060 2485 ordinem
2090 2431 2358 2497 mutavit,
2400 2448 2547 2485 con-

1483 2500 1869 2555 sentientibus
1899 2499 2061 2556 Leid.
2094 2500 2254 2555 Vorr.
2283 2499 2460 2571 Berg.
2482 2509 2550 2554 et

1481 2570 1629 2625 Lov.
1663 2588 1715 2623 α.
1752 2571 1891 2623 Mox
1921 2571 1988 2650 in
2025 2569 2242 2649 Asiam
2275 2565 2547 2648 trajeqit

1482 2637 2062 2763 {fiz‘ss‘ffiss‘izssffi
2076 2641 2344 2778 Ῑὲῗζέἐῖἒ,
2378 2653 2544 2778 ἶὶἓζῖἶ

1484 2785 1619 2832 rant
1669 2775 1845 2830 etiam
1888 2775 2044 2847 App.
2094 2775 2260 2831 Alex.
2296 2797 2345 2830 ι.
2407 2773 2547 2829 Civ-

1487 2844 1613 2903 388.
1667 2854 1725 2899 et
1763 2844 2058 2899 Plutarch.
2106 2845 2166 2899 in
2214 2843 2365 2898 Mar.
2415 2845 2548 2907 426.

1488 2913 1558 2969 Id
1587 2911 1761 2967 etiam
1794 2912 2018 2973 indicat
2047 2916 2222 2970 Oros·
2252 2928 2386 2966 eum
2423 2912 2557 2966 Uti·

1490 3001 1603 3040 cae
1623 2981 1684 3035 in
1707 2982 1960 3063 custodie
1990 2983 2368 3038 observatum
2398 2979 2552 3033 fuis.

1490 3052 2365 3203 ⁸⁶ffi¹3323⁸22‚3·¹220⁵21122;d„„.
2401 3137 2553 3174 m„

1487 3207 1716 3255 servus,
1742 3197 1999 3246 natione
2022 3189 2269 3250 Gallus]
2287 3189 2375 3242 Ita
2393 3188 2557 3242 Gro-

1487 3276 1630 3313 nov.
1666 3274 1821 3312 anno
1866 3260 2019 3316 1665.
2057 3257 2277 3323 edidit,
2338 3256 2555 3310 adsen-

1484 3325 1769 3382 tientibus
1813 3330 1989 3401 Berg.
2036 3330 2183 3382 Lov.
2214 3344 2263 3380 α.
2315 3323 2557 3382 Boend·

1486 3406 1545 3450 et
1587 3393 1680 3450 ed.
1721 3397 1926 3471 Camp.
1978 3395 2211 3470 Reliqui
2251 3388 2408 3467 typis
2446 3391 2561 3447 de-

1485 3466 1599 3519 seri
1648 3464 1691 3518 ti
1729 3476 1862 3519 ante
1903 3466 2174 3521 Gronov.
2209 3482 2341 3519 cum
2373 3460 2554 3518 codd.

1484 3535 1589 3590 Lei
1635 3572 1650 3589 .
1699 3536 1859 3592 Voss'.
1897 3535 2036 3590 Exc.
2084 3534 2236 3589 Pith.
2276 3544 2334 3588 et
2360 3532 2556 3588 Norv.

1485 3604 1708 3660 habent
1784 3601 1870 3662 ad
1901 3602 2334 3662 ‘occidendam
2403 3620 2555 3657 eum

1489 3678 1720 3732 missus
1765 3691 1998 3729 servus.
2090 3674 2259 3726 Hune
2311 3687 2556 3725 servum

1491 3741 1765 3799 similiter
1798 3740 2101 3809 Γαλάτην
2134 3737 2338 3812 ἄνδρα
2372 3748 2557 3792 vocat

1490 3813 1647 3887 App.
1700 3813 1794 3867 Al.
1829 3833 1896 3874 Ῐι.
1942 3810 2074 3866 civ.
2109 3810 2232 3878 387.
2287 3806 2557 3866 Gallum

1490 3882 1636 3937 Aur.
1693 3883 1850 3936 Viot.
1912 3879 1984 3936 de
2038 3881 2173 3936 Vir.
2219 3877 2426 3935 illustr.
2459 3876 2557 3940 67.

1489 3951 1592 4006 alii
1624 3951 1970 4016 Cimbrum,
2011 3949 2278 4022 adeoque
2307 3947 2558 4001 Germa·

1487 4035 1668 4078 num:
1708 4024 1783 4076 V.
1821 4020 1976 4076 Veli.
2012 4022 2238 4074 Patere.
2268 4036 2322 4082 α,
2365 4033 2450 4084 ¹9·
2479 4023 2559 4095 ἐς

1490 4090 1625 4149 Vah
1659 4092 1813 4149 Max.
1845 4107 1898 4163 2,
1940 4107 2021 4162 ιο,
2061 4098 2144 4145 ιο.
2176 4099 2238 4147 et
2261 4102 2410 4164 quae
2437 4091 2561 4139 'vm
