2717 4667
589 261 906 349 EPIT
939 274 1211 350 O‘ME
1256 272 1602 366 Llsslu
1652 269 1979 376 xcylu.

2128 283 2137 294 ,
2232 263 2381 373 337

203 510 287 578 12.
343 512 653 577 Lucullo
714 510 786 576 in
847 509 1257 576 amicitiam
1310 486 1634 593 receptus
1686 477 1836 573 est.⁸
1937 507 2058 575 οη.
2114 507 2382 571 Lentu·

198 637 319 701 lus
369 644 440 702 et
493 639 576 702 L.
636 635 912 703 Gellius
982 652 1306 702 censores
1375 652 1714 721 asperam
1782 650 2168 700 censuram
2232 648 2386 719 ege-

197 768 418 847 runt,
491 772 810 847 quatuor
872 770 942 829 et
1004 756 1390 850 sexaginta
1458 747 1749 828 senatu'
1787 760 2054 827 motis.-
2132 777 2180 821 a
2232 754 2389 856 ‘qui-

193 886 383 971 bus,
436 889 671 956 lustro
723 887 1012 960 condito
1038 936 1063 973 ‚
1116 903 1329 954 cens-a
1378 889 1551 955 sunt
1602 888 1866 953 civium
1919 883 2157 968 capita
2209 900 2411 966 qua·.

197 1012 585 1104 dringent‘a
650 1015 1179 1104 quinquaginta
1242 1018 1502 1083 millia.

193 1231 268 1286 A.
297 1233 378 1288 V.
412 1248 751 1287 nocuum.
794 1230 887 1289 his
921 1234 1269 1292 censoribus

195 1301 567 1374 nonaginta
604 1308 667 1357 et
695 1320 885 1358 unam
919 1295 1266 1377 myriadas,

197 1387 350 1442 quae
377 1378 699 1443 nongenta
731 1378 793 1426 et
820 1369 1030 1429 decem
1052 1372 1267 1429 millia

197 1450 355 1505 sunt,
396 1439 799 1492 Romanorum
831 1456 1031 1495 censas
1059 1441 1260 1494 fuisse.

198 1507 385 1575 Hujus
404 1507 759 1560 auctoritate
778 1508 1030 1562 Rualdus
1052 1510 1124 1562 ad
1138 1510 1268 1564 Plu-

198 1576 388 1628 tarch.
410 1574 723 1629 Animadv.
749 1593 909 1632 xxcv.
931 1579 1003 1632 ls.
1023 1578 1267 1634 Vossius

202 1641 257 1696 in
323 1643 863 1698 Observationibus
930 1644 1266 1704 confirmari

244 1722 410 1765 utant
441 1711 797 1784 scripturam
828 1713 1144 1784 librorum,
1166 1713 1267 1788 qui

201 1729 298 1833 {ic
327 1782 364 1836 I
367 1781 639 1837 DCCCL.
679 1782 784 1846 (ita
811 1782 1087 1850 Rualdus‚
1123 1790 1265 1838 vos·

215 1850 327 1903 sius
345 1849 648 1906 190000.
665 1850 895 1922 Lipsius
915 1872 934 1905 ι
982 1854 1160 1906 Elect.
1174 1871 1261 1923 27.

217 1928 268 1972 et
292 1936 435 1971 unus
459 1923 586 1973 MS.
618 1920 858 1973 Hearnii
880 1923 917 1977 I
922 1921 1267 1985 OCCCCL.)

213 1986 417 2043 millia
441 1987 681 2043 habent.
723 1987 902 2043 Addit
920 1988 1180 2043 Rualdus
1202 2007 1271 2043 ex

206 2056 364 2127 Epit.
395 2059 489 2111 60.
534 2073 713 2129 quum
744 2058 859 2125 jam
893 2069 1026 2116 ante
1055 2059 1270 2112 multos

205 2142 413 2190 annos,
447 2137 610 2208 puta,
636 2125 706 2178 A.
728 2129 800 2181 V.
827 2144 1133 2184 mcxxviu.
1151 2145 1288 2181 non.

203 2194 392 2247 multo
429 2211 622 2248 minus
660 2187 854 2251 0000
886 2195 1102 2251 millia
1140 2203 1270 2249 cen·

203 2280 294 2328 sa,
335 2280 405 2315 ac
438 2261 656 2317 deinde
693 2262 838 2318 socii
881 2263 942 2317 in
975 2263 1273 2318 civitatem

201 2330 435 2404 recepti
456 2327 702 2399 fuerint,
728 2350 1036 2387 numerum
1057 2333 1274 2393 civium

198 2418 317 2472 per
342 2417 534 2454 annos
562 2400 766 2472 paullo
796 2400 986 2456 minus
1019 2420 1106 2467 tx,
1147 2418 1270 2455 om·

199 2469 385 2523 nibus
412 2468 595 2524 rebus
631 2469 1063 2536 florentiss'imis‚
1099 2470 1273 2523 facile

198 2546 433 2590 tantum
481 2537 726 2609 potuiss'c
773 2556 1060 2596 crescere.
1113 2540 1273 2592 Haec

200 2606 314 2659 etsi
333 2604 739 2679 probabiliter
757 2605 1048 2679 disputari
1067 2606 1274 2661 viden·

198 2685 326 2740 tur,
369 2685 568 2728 tamen
600 2675 894 2746 scriptura
926 2674 1273 2744 editionum,

201 2761 360 2815 quae
381 2742 475 2796 hic
493 2743 727 2799 CCCCL
743 2745 956 2801 millia
975 2743 1275 2811 exhibent,

194 2811 482 2880 nonnihil
522 2812 805 2884 praesidii
855 2812 915 2866 in
949 2821 1026 2868 'eo
1063 2812 1275 2883 babet,

243 2878 371 2934 uod
388 2881 682 2936 Eusebius
716 2881 779 2935 in
809 2881 1107 2937 Chronico
1131 2900 1274 2964 pro·

247 2948 391 3017 idit,
449 2967 607 3003 anno
655 2960 868 3032 quarto
915 2949 1277 3022 Olympiadis

199 3038 450 3077 curm.
490 3018 888 3092 descriptione
922 3020 1145 3073 Romae
1192 3019 1278 3072 sa·

198 3099 300 3144 cta
328 3127 348 3156 ‚
442 3087 684 3144 inventa
743 3087 909 3141 fuiffe
973 3086 1280 3141 hominum

197 3171 521 3213 cccctxut.
569 3154 773 3211 millia.
862 3157 1039 3223 Nam,
1097 3174 1279 3229 quum

196 3244 421 3282 census
450 3224 550 3281 ille
581 3243 704 3279 non
731 3224 878 3280 alius
905 3242 1031 3280 esse
1068 3225 1275 3297 possit,

248 3314 391 3349 uam
424 3294 527 3366 qui
559 3295 626 3350 L.
659 3295 878 3348 Marcio
906 3293 1186 3366 Philippo
1220 3304 1280 3349 et

193 3317 384 3423 31.st
468 3378 613 3417 erna
635 3363 981 3418 censoribus
1001 3374 1162 3418 actus
1180 3364 1277 3431 est,

195 3445 278 3488 ut
299 3433 410 3488 Sca
437 3451 455 3484 ι
500 3451 567 3487 er
600 3428 677 3486 ad
700 3432 917 3487 Euseb.
955 3442 1014 3487 et
1040 3429 1279 3505 Pighius

198 3504 275 3556 in
306 3502 477 3555 Anna
507 3539 521 3553 .
557 3499 633 3555 ad
657 3499 728 3555 A.
752 3503 828 3556 V.
861 3519 1139 3558 iocum.
1177 3498 1279 3554 ad-

193 3579 456 3638 notant,
514 3568 612 3631 vix
646 3567 811 3623 credi
842 3571 1060 3643 potest,
1113 3569 1281 3643 quin-

198 3639 409 3694 decim
439 3638 628 3706 annis,
751 3637 769 3690 i
795 3639 952 3694 inter
979 3639 1193 3693 horum
1223 3647 1282 3692 et

194 3706 448 3764 Lentuli
477 3724 544 3760 ac
567 3706 675 3763 Gel
702 3707 742 3761 ii
774 3707 1081 3762 censuram
1099 3707 1280 3761 inter-

195 3779 479 3844 fuerunt,
520 3793 830 3831 numerum
851 3776 1068 3830 civium
1087 3791 1281 3848 prope

201 3844 708 3922 quadringentis
772 3844 1061 3902 millibus
1126 3843 1281 3916 capi-

198 3927 343 3970 tum
374 3926 610 3967 auctum
637 3913 837 3968 fuisse.
890 3912 1141 3969 Civitate
1168 3914 1285 3967 lta-

197 3983 352 4039 licis
416 3981 551 4036 data
571 4018 589 4046 ‚
662 3980 824 4055 quod
884 3992 1018 4036 ante
1072 3981 1142 4037 A.
1210 3984 1281 4038 V.

199 4068 510 4108 roctxvu.
525 4049 749 4105 factum
765 4051 859 4114 est,
897 4051 1139 4103 multum
1159 4067 1282 4104 cre-

200 4121 376 4175 visse
410 4135 723 4174 numerum
760 4118 1000 4185 civium,
1038 4137 1156 4191 quo
1192 4133 1285 4172 ar-

191 4199 531 4263 gumento,
585 4197 831 4270 praeter
878 4187 1075 4242 locum
1116 4188 1285 4243 Phle-

1633 1014 1718 1081 L.
1774 1009 2119 1079 Metellus
2182 1026 2390 1094 prae·

1379 1235 1530 1291 ontis
1551 1274 1568 1303 ‚
1615 1231 1940 1318 praecipue
1975 1230 2187 1288 nititur
2220 1228 2397 1286 Rual·

1382 1324 1484 1371 us,
1519 1304 1692 1359 facile
1728 1300 1973 1357 concedi
2005 1303 2209 1374 potest.
2276 1296 2397 1357 Sed

1337 1378 1450 1431 hoc
1485 1388 1723 1447 quoque
1762 1368 2253 1425 considerandum
2285 1370 2391 1435 est,

1336 1442 1542 1510 bellis,
1598 1457 1749 1514 quae
1801 1440 2001 1511 paullo
2050 1440 2174 1511 post
2208 1439 2279 1492 A.
2316 1438 2396 1492 V.

1339 1530 1678 1567 locxxxvnt.
1716 1525 1835 1581 quo
1884 1524 2056 1562 censa
2099 1507 2279 1561 fuisse
2314 1506 2397 1559 ci-

1336 1581 1498 1637 vinni
1532 1578 1726 1652 capita
1763 1576 2062 1633 cccxc]
2071 1578 2125 1635 V
2158 1572 2396 1642 millia,

1337 1657 1618 1708 trecenta
1649 1647 1736 1703 tri
1785 1646 1921 1701 inta
1952 1663 2065 1702 sex
2099 1662 2167 1700 cx
2192 1644 2398 1716 Epito-

1337 1737 1432 1773 ma
1475 1720 1560 1775 63.
1615 1734 1726 1774 can
1773 1724 1869 1779 at,
1938 1713 2066 1767 fere
2116 1714 2399 1768 continua

1335 1804 1525 1861 usque
1577 1783 1651 1840 ad
1699 1785 1768 1840 A.
1819 1779 1896 1838 V.
1945 1799 2281 1838 iocantur.
2338 1790 2398 1835 et

1339 1872 1647 1924 censuram
1679 1851 1910 1909 Lentuli
1945 1861 2006 1905 et
2034 1847 2210 1905 Gellii
2251 1850 2400 1924 gesta

1340 1935 1494 1991 sunt,
1520 1922 1927 1977 incredibilem
1943 1920 2395 1983 multitudinem,

1333 2005 1458 2049 tam
1492 1994 1890 2047 Romanorum
1910 2025 1928 2056 ,
2006 2007 2139 2044 uam
2168 1989 2395 2043 Italico-

1342 2081 1509 2129 rum,
1555 2059 1826 2134 periisse.
1880 2060 2049 2114 Belo
2093 2057 2400 2113 Cimbrico

1341 2132 1608 2205 quinque
1636 2127 1975 2183 consulares
2007 2125 2294 2182 exercitus
2314 2124 2399 2178 vi·

1342 2210 1498 2265 ctos,
1539 2208 1599 2252 et
1628 2215 1750 2251 uno
1783 2198 2019 2269 proelio
2043 2214 2191 2254 „111¹
2221 2194 2403 2248 millia

1345 2267 1564 2322 civium
1618 2275 1676 2320 et
1725 2266 2023 2319 sociorum
2084 2263 2399 2326 cecidisse,

1343 2338 1624 2392 testantur
1665 2332 1944 2389 historici.
1997 2334 2166 2387 Bello
2198 2330 2402 2387 sociali

1341 2404 1732 2527 ifflffssffi·
1753 2401 2401 2537 '3³¹¹{22121'3‘332222‘r

1346 2544 1433 2600 15.
1485 2540 1654 2595 Bello
1688 2488 1878 2605 efvilffi
1917 2556 2037 2612 quo
2064 2504 2405 2593 Italicoruni

1344 2622 1405 2665 et
1423 2609 1638 2665 civium
1658 2609 1769 2665 alia
1791 2626 1824 2663 a
1845 2607 2043 2676 Marii,
2089 2607 2187 2662 alii
2224 2626 2253 2660 a
2277 2606 2405 2660 Sul-

1342 2680 1436 2734 lae
1470 2677 1738 2752 partibus
1770 2678 2011 2745 stabant,
2052 2669 2406 2730 Mithridati-

1346 2768 1440 2814 co,
1482 2764 1600 2820 quo
1631 2765 1751 2802 uno
1784 2745 1880 2799 dic
1914 2764 1980 2799 cr.
2013 2744 2193 2799 millia
2216 2741 2407 2800 Italici

1346 2815 1645 2889 sanguinis
1669 2853 1685 2879 ‚
1739 2814 1953 2869 civium
1986 2831 2053 2869 ac
2086 2814 2401 2876 sociorum,

1346 2884 1639 2941 trucidata
1668 2895 1819 2951 sunt,
1858 2882 2059 2937 servili
2090 2884 2153 2938 in
2183 2880 2403 2944 Sicilia,

1347 2965 1407 3009 et
1428 2952 1798 3026 gladiatorio,
1839 2963 2055 3025 quanta
2075 2953 2284 3022 strages
2301 2950 2405 3003 ho-

1345 3023 1567 3076 minum
1600 3022 1753 3075 sacta
1787 3020 1887 3078 sit.
1931 3038 1962 3074 e
1989 3019 2403 3093 scriptoribus,

1347 3091 1450 3164 qui
1489 3089 1723 3162 proelia
1766 3089 1940 3144 bellis
1982 3088 2094 3144 illis
2126 3096 2404 3161 pugnata.

1349 3170 1410 3214 et
1458 3176 1634 3231 saepe
1685 3175 1992 3212 numerum
2043 3176 2111 3211 ex
2153 3169 2404 3228 utraque

1392 3238 1518 3281 arte
1553 3243 1856 3282 caesorum
1888 3226 2191 3291 referunt,
2236 3222 2406 3277 intel-

1344 3247 1454 3372 figi
1487 3296 1692 3369 potest.
1743 3293 1910 3351 Unde
1942 3313 2062 3350 non
2095 3290 2265 3349 valde
2296 3290 2404 3343 mi-

1346 3383 1481 3421 rum
1519 3362 1708 3420 videri
1738 3363 1950 3431 debet,
2000 3375 2190 3435 neque
2219 3359 2289 3414 A.
2323 3362 2402 3414 V.

1350 3452 1631 3501 mcum,
1672 3431 1906 3486 vixdum
1939 3432 2211 3485 exstincto
2241 3427 2404 3483 bello

1349 3500 1587 3570 sociali,
1636 3502 1884 3573 amplius
1917 3516 2090 3573 quam
2120 3515 2403 3553 ccccunr

1348 3570 1566 3637 millia,
1616 3585 1810 3641 neque
1844 3570 1916 3624 A.
1953 3571 2025 3624 V.
2067 3583 2405 3636 nocuum,

1349 3640 1476 3712 p‘ost
1504 3636 1664 3691 finita
1695 3654 1850 3691 anno
1887 3636 2091 3709 priore
2131 3634 2285 3690 bella
2325 3635 2411 3690 ci·

1350 3707 1493 3764 vilia
1543 3717 1603 3760 et
1645 3704 2024 3788 gladiatoria,
2117 3704 2207 3758 lus
2237 3721 2404 3759 cccci.

1351 3774 1535 3830 millia
1568 3773 1782 3828 civium
1817 3790 1989 3828 censa
2021 3774 2087 3827 su
2111 3789 2218 3828 sse.
2272 3775 2408 3828 Non

1353 3846 1641 3911 decerno,
1690 3852 1889 3894 utrum
1921 3842 1980 3896 in
2009 3839 2312 3900 Photio'et
2337 3841 2406 3894 li·

1350 3913 1479 3971 bris
1508 3911 1916 3985 Epitomarum
1943 3910 2115 3980 Livii,
2154 3927 2174 3962 ε
2194 3926 2408 3965 uorum

1353 3982 1706 4053 scripturam
1748 3978 1968 4052 probat
1997 3981 2143 4035 Rual
2189 3997 2287 4043 us,
2330 3995 2407 4033 an

1354 4052 1415 4105 in
1439 4047 1698 4104 Eusebio
1727 4058 1787 4102 et
1810 4048 2057 4122 vulgatis
2080 4049 2250 4104 libris
2268 4047 2403 4119 Epi·
2502 4067 2513 4074 ν

1352 4130 1645 4175 tamarum
1687 4119 1955 4190 corrupti
1992 4118 2107 4172 sint
2136 4115 2400 4181 numeri}

1353 4186 1460 4245 sed
1489 4188 1602 4243 hoc
1632 4196 1860 4241 tantum
1885 4186 2185 4242 ostendere
2215 4183 2401 4254 volui,

1612 4254 1824 4331 Bba
