2717 4667
2468 135 2503 158 *a

564 275 686 356 302
798 274 1207 341 FREINSH.
1246 221 2088 340 SUPPLEMEssTORUM
2117 273 2264 346 Lm.
2286 274 2493 338 IqulI.

131 479 138 485 ’
216 488 285 542 U.
320 505 373 543 c.
402 488 524 542 682·
561 484 983 566 cogebantur.
1046 500 1210 624 qiuae
1249 481 1465 543 omnia
1502 491 1704 565 >quum
1739 480 2104 548 insatiabile
2132 482 2363 546 foenus
2391 483 2533 546 hau·

212 558 378 613 A·C·
405 574 494 625 7⁰·
562 568 780 641 siss'et,
853 583 977 626 nec
1034 561 1060 623 i
1108 583 1188 625 eo
1241 563 1527 647 expungi
1581 562 1799 625 debita
1849 564 2169 645 pollent,⁴
2204 565 2285 627 ad
2335 577 2533 628 extre-

560 667 734 709 mum
777 646 909 731 ipsi
948 643 1393 709 creditoribus
1437 644 1508 708 in
1544 643 1926 710 servitutem
1967 645 2442 710 addicebantur.

117 765 120 768 ¹
205 804 532 858 Lucaniae·
686 768 793 840 ΙῙΙ.
855 773 1186 839 Adversus
1239 773 1403 836 haec
1440 772 1751 836 Lucullus
1802 776 2015 860 prime
2062 776 2419 852 constituit,
2459 800 2534 842 ne

153 876 370 943 quitata
412 884 466 925 ee
557 860 838 939 majores
882 856 1260 920 centesimis
1293 854 1527 918 usurae
1563 854 1981 920 ducerentur.
2020 859 2265 922 deinde
2302 859 2533 935 usuras,

158 941 442 1010 prudencia
457 942 530 994 11¹·
559 963 723 1039 quae
764 951 1010 1004 'sortem
1047 938 1483 1011 excess'erant,
1543 939 1930 1020 amputavit,
1990 962 2120 1018 non
2158 941 2233 1004 ad
2268 941 2534 1005 invidio-

158 1012 397 1066 l'm'm'·
556 1025 694 1085 lum
732 1021 897 1086 illud
939 1036 1005 1084 et
1040 1018 1552 1098 inverecundum
1595 1018 1865 1083 alterius
1901 1024 2063 1084 tanti
2099 1038 2535 1099 commentum,

555 1127 685 1190 quo
721 1124 932 1188 nuper
968 1124 1047 1164 ex
1071 1101 1254 1184 Orco
1288 1114 1621 1173 revocato,
1669 1115 1735 1165 et
1766 1103 2306 1188 interpretatione
2340 1120 2535 1179 aucto,

546 1184 1065 1271 perfidiosiffimi
1110 1183 1315 1247 seculi
1359 1182 1698 1278 turpitudo
1745 1183 1825 1245 ad
1866 1185 2356 1272 exstinguendas
2395 1185 2538 1251 fidei

550 1282 617 1330 et
652 1266 929 1349 justitiae
975 1281 1207 1329 tenues
1245 1265 1576 1350 reliquias.
1604 1264 1858 1328 erudiri
1891 1269 2148 1351 gaudet.
2238 1268 2371 1350 Sed
2401 1271 2540 1353 quia

548 1370 692 1412 rem
731 1370 911 1412 suam
947 1348 1391 1411 creditoribus
1423 1346 1659 1414 salvam
1675 1345 2361 1435 .praestabat‚·jamque
2395 1371 2539 1435 pro·

545 1431 841 1504 viderat,
908 1444 979 1500 ut
1026 1431 1107 1495 e'x
1157 1430 1372 1492 ensam
1421 1428 1765 1512 pecuniam
1805 1430 1997 1495 brevi
2040 1446 2536 1519 recuperarent,

477 1531 486 1538 ·
543 1526 674 1575 tam
757 1512 1020 1576 ravibus
1058 1536 1101 1573 u
1128 1512 1272 1574 ‘uris
1308 1510 1588 1579 ulterius
1620 1514 1960 1595 aggravari
2036 1515 2393 1578 rovinciam
2419 1535 2542 1575 non

543 1596 720 1679 patie
771 1610 931 1659 atur.
1007 1592 1303 1689 Quippe,
1395 1590 1526 1654 uod
1563 1593 1759 1678 longe
1795 1595 1942 1657 utili
1996 1618 2191 1659 imum
2229 1596 2539 1682 apparuit,

545 1676 946 1740 creditorem
989 1677 1061 1737 in
1102 1676 1272 1737 bona
1320 1695 1361 1737 o
1411 1673 1614 1736 aerati
1650 1674 1961 1740 hactenus
1997 1679 2213 1753 misit,
2254 1693 2329 1741 ut
2404 1700 2540 1740 uar-

543 1772 671 1819 tam
724 1757 1053 1819 redituum
1078 1771 1356 1840 *partem
1402 1757 1588 1840 perci
1640 1771 1804 1820 eret.
1879 1759 1968 1822 ita
2022 1781 2237 1844 neque
2290 1761 2374 1822 de
2421 1762 2543 1821 itor

543 1841 819 1923 egebat,
865 1839 933 1902 ¹et
969 1839 1352 1902 foenerator
1389 1837 1563 1900 haud
1626 1858 1797 1923 ongo
1836 1853 2158 1929 tempore,
2202 1842 2379 1926 quod
2415 1856 2545 1904 erat

545 1922 627 1983 ab
665 1920 808 2008 ipso
842 1918 1245 2003 profectum,
1293 1939 1442 1981 cum
1482 1919 1693 2004 usuris
1735 1919 1813 1982 ad
1851 1925 2327 2009 praescriptum
2362 1927 2541 2005 aLu·

547 2003 722 2066 cullo
767 2001 1027 2063 modum
1069 2000 1522 2087 recuperabat.
1608 2000 1804 2097 Quod
1855 2006 1913 2067 si
1963 2007 2110 2090 quis
2160 2005 2388 2070 usuras
2441 2027 2577 2090 aps

488 2115 491 2117 v
544 2083 880 2172 plicuiss'et‘
912 2083 1114 2157 sorti,
1181 2098 1249 2144 et
1292 2095 1536 2145 sortem
1591 2099 1659 2147 et
1697 2083 1928 2166 «usuras
1974 2088 2329 2151 amittebat.
2415 2090 2543 2148 Hac

525 2166 874 2249 ,aequitate
928 2185 1069 2227 rem
1122 2164 1340 2251 paullo
1377 2177 1541 2227 ante
1597 2164 2167 2250 desperatiffimam
2221 2170 2541 2241 confecit,

543 2262 618 2312 ut
662 2246 830 2309 intra
917 2246 1372 2320 uadriennium
1426 2247 1601 2309 omni
1656 2248 1878 2316 debito
1923 2251 2322 2315 liberaretur
2358 2252 2541 2323 Asia,

493 2355 498 2360 ³
548 2340 616 2390 et
653 2329 831 2412 poss'e
885 2348 1074 2392 iones
1113 2328 1524 2411 obligatione
1568 2330 1818 2395 solutae
1869 2331 1950 2394 ad
1988 2353 2104 2397 eos
2130 2377 2147 2410 ,
2209 2334 2325 2421 qui
2370 2323 2543 2397 antea

550 2424 928 2494 tenuerant,
974 2424 1491 2475 reverterentur.
2413 2432 2419 2436 ·

182 2554 269 2606 Ea
286 2555 522 2621 rejunc-
633 2544 783 2608 .1V.
828 2544 976 2618 Hoc
1019 2557 1207 2624 pacto
1256 2542 1525 2629 duplum
1568 2543 1745 2625 ejus,
1791 2543 1965 2629 quod
1997 2544 2351 2619 dederant,
2396 2567 2543 2630 pau-

155 2625 368 2675 ratores
387 2624 524 2677 5775·
550 2627 647 2692 cis
685 2625 871 2688 annis
906 2624 1239 2709 adsequuti
1271 2624 1727 2690 foeneratores
1760 2647 1891 2688 non
1926 2626 2077 2690 ideo
2111 2627 2541 2713 quiescebant.

154 2703 364 2744 ‘mmm
547 2728 726 2776 nam,
774 2720 845 2767 ut
879 2707 1012 2787 ipsi
1056 2706 1499 2769 subduxerant
1535 2710 1887 2783 calculum,
1946 2725 2077 2770 non
2128 2710 2371 2793 quadra
2423 2711 2544 2772 inta

485 2803 492 2808 ‘
547 2785 751 2873 ipsis,
816 2788 932 2850 sed
969 2801 1226 2852 centum
1272 2789 1508 2885 viginti
1549 2791 1935 2853 talentorum
1976 2791 2176 2855 millia
2221 2732 2544 2856 deheffian-

447 2924 454 2932 .
544 2885 670 2938 tur.
734 2871 1041 2932 Ceterum
1078 2870 1145 2930 in
1183 2871 1525 2952 provincia
1560 2893 1803 2935 novare
1839 2872 2002 2933 nihil
2031 2888 2358 2956 poterant.
2414 2876 2542 2934 Ro-

543 2973 708 3012 mam
756 2950 1166 3035 scripserunt
1213 2951 1293 3018 ad,
1341 2973 1528 3026 suos,
1593 2955 2027 3038 tribunosque
2062 2956 2314 3051 plebis,
2372 2941 2543 3017 coin·

543 3032 806 3095 modum
846 3032 1187 3116 pristinam
1243 3036 1460 3094 omnia
1515 3036 1819 3111 turbandi
1867 3038 2195 3099 licentiam
2236 3038 2540 3122 adeptos,

544 3115 813 3177 mercati
855 3129 1037 3187 sunt,
1084 3131 1154 3177 ut
1196 3117 1357 3178 actis
1400 3114 1888 3202 desideriisque
1918 3120 2176 3181 Luculli
2214 3119 2541 3203 obstrepe-

541 3210 712 3258 rent.
797 3197 884 3258 At
922 3196 1070 3270 ille,
1122 3218 1389 3281 magna,
1453 3219 1587 3260 non
1617 3200 1787 3285 apud
1830 3221 2004 3263 suam
2044 3201 2237 3264 modo
2273 3203 2541 3298 provin-

465 3317 474 3328 ι
541 3278 743 3351 ciam,
802 3279 920 3341 sed
960 3279 1339 3353 uniret-fos»,
1402 3279 1611 3363 gloria
1660 3282 1887 3361 (justos
1929 3284 2103 3348 enim
2142 3305 2240 3345 ma
2289 3283 2563 3352 istratus

537 3360 739 3422 rebus
777 3360 941 3445 ipsis
981 3362 1368 3445 cogentibus
1420 3384 1841 3448 unaquaeque
1885 3366 2114 3427 civitas
2159 3304 2408 3446 laugdat)
2455 3365 2545 3425 E..

583 3440 730 3504 hesi
771 3442 1111 3518 residens,
1176 3443 1396 3505 Asiam
1439 3443 1865 3509 constituebat
1903 3448 2198 3530 legibus,
2258 3446 2540 3510 cumula-

531 3463 644 3586 Eat
688 3518 869 3594 fidae»
898 3526 1077 3610 pacis
1120 3526 1353 3598 bonis,
1414 3530 1802 3609 spectaculis
1844 3530 2039 3590 etiam
2077 3530 2384 3614 ludisque
2421 3528 2548 3599 tri-¹

532 3606 946 3689 umphalibus
993 3627 1195 3692 seque
1239 3621 1306 3679 et
1340 3607 1515 3669 illam
1555 3613 1916 3674 recreabat.
1978 3610 2267 3674 vicissim·
2304 3613 2372 3672 in
2420 3610 2538 3670 ho-

534 3707 767 3749 norem
826 3688 965 3773 ejus
1021 3690 1299 3755 Asiatici
1350 3687 1760 3756 instituerunt
1815 3693 2169 3769 Lucullea,
2244 3695 2535 3758 celebra-

539 3781 844 3855 runtque.
1863 3813 1866 3815 v

194 3877 414 3984 legatia
441 3912 514 3967 aa
663 3899 747 3965 V.
799 3901 1006 3970 Dedit,
1033 3900 1273 3976 deinde
1309 3904 1435 3987 Ap.
1466 3906 1738 3972 Claudio
1779 3930 2039 3993 operam
2082 3908 2164 3972 de
2207 3908 2531 3992 legatione

166 3984 464 4055 ngramm.
540 4002 654 4043 sua
696 3979 1039 4048 referenti.
1086 4004 1233 4048 eum
1273 3987 1449 4071 regii
1486 3989 1733 4054 viarum
1778 3990 1978 4058 duces
2020 3994 2220 4076 longo
2255 3993 2528 4055 circum-

605 4169 753 4246 Gap.
788 4171 894 4230 IV.
937 4171 1191 4248 Appian.
1231 4178 1385 4238 Plut.
