2717 4667
611 211 740 297 '274
825 199 1392 282 FREINSH'EMH
1411 199 2238 279 SUPPLEMENTORUM
2260 217 2409 277 Lm.
2427 217 2558 306 nv.

297 422 364 476 U·
387 401 584 489 c&⁴73-
614 430 965 497 Mamerco,
1011 420 1260 485 homini
1294 420 1623 493 ditiffimo,
1666 439 1750 480 ne
1785 437 1904 481 suo
1928 439 2109 480 fanno
2143 420 2364 482 consul
2394 418 2597 496 fieret,

296 494 368 549 Α·
405 494 474 548 C·
494 511 582 563 77·
613 506 1084 590 praetermissio
1116 503 1468 566 aedilitatis
1499 503 1746 573 nocuit,
1792 501 1968 585 quod
1998 514 2444 584 sumptuosum
2470 521 2601 564 mu-

611 589 882 649 neribus
913 585 1343 668 magistratum
1373 603 1595 645 amore
1623 583 1941 665 pecuniae
1972 582 2240 644 vitatum
2271 582 2351 643 ab
2384 603 2464 645 eo
2490 603 2600 667 po·¹

608 671 803 754 pulus
845 669 1238 730 crediderat.
1303 679 1449 727 tum·
1473 685 1734 750 quoque
1771 663 2011 727 tuliss'et
2043 665 2388 748 repulsam,
2432 668 2502 727 ni
2533 668 2600 727 C.

613 752 850 823 Curio,
899 765 968 812 ut
1006 748 1520 817 adolescentior,
1578 759 1644 809 et
1679 746 1910 831 populi
1947 744 2280 830 suffragiis
2315 747 2599 832 integer,

613 834 807 896 aetati
836 831 1147 895 Mamerci
1184 828 1610 893 conceffiss'et.

267 970 506 1041 lepidus
531 974 589 1025 ae’n
734 959 907 1025 XVI.
933 945 1080 1020 'His
1116 959 1350 1021 auditis
1371 1001 1388 1031 ,
1433 957 1722 1041 Lepidus
1743 999 1759 1031 ,
1807 978 2000 1042 quum
2034 955 2232 1020 hostis
2269 957 2348 1019 ab
2383 951 2606 1018 senatu

119 1057 128 1078 ¹
237 1038 553 1094 Sardiniam
608 1040 972 1124 judicatus,
1033 1039 1402 1125 iterumque
1441 1040 1657 1101 victus
1698 1040 1888 1111 ess'et,
1936 1040 2197 1102 recellit
2241 1040 2474 1111 Cosas,
2523 1042 2605 1100 E-

227 1108 400 1178 fi‘gn‘
609 1125 857 1185 truriae
898 1124 1289 1185 maritimum
1329 1121 1678 1206 oppidum,
1735 1121 1885 1193 ubi,
1940 1122 2324 1206 insequente
2360 1121 2605 1193 Catulo,

608 1226 778 1267 nova
831 1206 1156 1268 commissa
1198 1226 1414 1290 pugna
1461 1201 1568 1265 est.
1629 1203 1735 1264 cui
1778 1206 2252 1286 superveniens
2291 1224 2370 1263 ex
2402 1203 2606 1265 Gallia

607 1288 963 1370 Pompeius
999 1308 1292 1372 magnam
1338 1285 1548 1348 edidit
1585 1285 1884 1357 caedem,
1946 1301 2013 1350 et
2048 1287 2343 1369 reliquos
2378 1284 2607 1366 fugere

607 1366 677 1450 in
716 1368 1083 1440 Sardiniam
1123 1368 1363 1453 coegit.
1447 1371 1538 1428 Μ.
1572 1366 1825 1450 Lepido
1871 1387 2015 1428 cum
2058 1367 2358 1430 omnibus
2398 1366 2607 1451 copiis

605 1451 787 1512 Italia
836 1450 1057 1535 pulso,
1105 1450 1443 1548 segnior,
1507 1453 1585 1510 ut'
1646 1462 1858 1510 amoto
1927 1450 2227 1511 nonnihil
2278 1449 2607 1534 periculo,

606 1546 897 1594 ceterum
941 1532 1107 1593 haud
1156 1553 1371 1593 minus
1416 1531 1633 1614 gra‘vis
1692 1544 1756 1592 et
1801 1532 2140 1618 multiplex
2186 1552 2337 1594 cura
2377 1533 2610 1612 Patres

606 1615 992 1693 exercebat3
1037 1617 1209 1710 quia,
1302 1625 1522 1674 raeter
1557 1625 1824 1674 externa
1852 1612 2043 1689 bella,
2090 1634 2254 1700 quae
2289 1613 2406 1676 sub
2437 1611 2614 1673 idem

603 1708 864 1779 tempus,
904 1697 1203 1781 pluribus
1271 1696 1410 1756 ocis
1455 1709 1846 1777 eruperant,
1913 1695 2077 1759 duce
2161 1695 2394 1757 artium
2431 1695 2611 1767 vivo,

604 1776 871 1838 dilatum
920 1779 1188 1863 potiuS,
1253 1798 1442 1861 quam
1492 1774 1921 1852 exstinctum,
1982 1780 2112 1841 civi
2143 1800 2178 1841 e
2237 1776 2616 1840 incendium

606 1858 1002 1935 habebatur:
1074 1874 1417 1942 metusque
1471 1871 1646 1930 erat,
1706 1878 1796 1940 ⁸ne
1853 1860 2289 1945 impedienda·
2321 1878 2615 1921 annonae

529 1957 536 1962 ”
606 1943 1098 2020 transvectione
1135 1943 1368 2003 urbem
1405 1940 1632 2023 inopia
1669 1956 1957 2023 urgeret.

265 2073 449 2154 mque
475 2089 583 2126 mo·
735 2072 934 2135 XVII.
989 2071 1121 2133 Sed
1160 2072 1272 2137 ille
1316 2074 1599 2145 bellum,
1663 2094 1787 2156 per
1840 2074 2016 2157 quod
2055 2073 2250 2136 homo
2295 2072 2616 2136 delicatus

227 2146 397 2197 ’ἰωὴ
609 2150 763 2216 luxu
800 2153 928 2214 sibi
963 2153 1316 2216 carendum
1347 2155 1648 2227 videbat,
1692 2158 1986 2238 segniter
2023 2156 2452 2217 moliebatur:
2502 2155 2618 2216 do·

607 2253 732 2295 nec
769 2236 1175 2330 poenitentia
1211 2237 1518 2314 consilii,
1566 2250 1632 2298 et
1674 2260 1709 2298 a
1747 2241 1818 2302 C.
1853 2239 2118 2316 Valerio
2150 2237 2453 2308 TriariO,
2508 2237 2617 2321 qui
2704 2275 2705 2284 κ

606 2317 1020 2399 provinciam·
1048 2340 1173 2402 pro
1209 2335 1516 2404 praetore
1553 2320 1909 2398 obtinebat,
1956 2319 2244 2404 undique
2282 2318 2616 2402 depulsus,

603 2409 670 2457 et
705 2398 1100 2482 oppidorum
1136 2401 1618 2486 expugnatione
1655 2402 2053 2485 prohibitus,
2099 2403 2471 2464 contrarios
2506 2420 2618 2462 co·

605 2478 824 2562 gitatis
868 2497 1141 2544 eventus
1174 2477 1446 2545 babuit:
1509 2484 1814 2567 lentaque
1853 2485 2002 2546 tabe
2041 2498 2458 2567 correptum,
2508 2503 2617 2545 co·
2702 2515 2703 2518 ¹

608 2562 858 2643 gnitum
913 2567 1140 2630 uxoris
1182 2567 1241 2628 A
1291 2564 1500 2645 ulejae
1539 2564 1939 2630 *adulterium
1987 2566 2206 2628 taedio
2265 2582 2332 2627 et
2375 2563 2620 2640 dolore

505 2711 521 2729 ὀ
589 2643 918 2714 confecit.
1019 2645 1241 2731 Episto
1271 2669 1373 2708 am
1400 2647 1636 2721 ·enim,
1703 2648 1999 2724 criminis
2048 2647 2370 2722 indicem,
2434 2648 2621 2710 forte

251 2711 586 2784 MOWUJM
610 2739 880 2800 nactus,
920 2727 1191 2793 divortii
1229 2729 1526 2794 libellum
1564 2728 1785 2791 misit:
1831 2729 2107 2803 deinde,
2154 2730 2344 2791 simul
2377 2731 2621 2791 carita-

228 2797 451 2874 “msffi
607 2819 677 2868 te
714 2807 1183 2895 desiderioque
1218 2811 1636 2894 repudiatae,
1698 2811 1887 2875 simul
1930 2812 2205 2893 injuriae
2235 2831 2395 2873 suae
2428 2832 2621 2873 acer-

606 2886 810 2952 bitate
850 2911 924 2953 ac
962 2891 1194 2958 dolore
1233 2893 1543 2956 extabuit.
1628 2894 1935 2968 Extrema
1963 2913 2225 2978 quoque
2254 2892 2446 2975 hujus
2478 2914 2621 2955 me-

607 2972 913 3035 morabili
968 2991 1208 3039 eventu
1258 2974 1685 3038 adverterunt
1735 2975 2062 3038 curiosos:
2134 2975 2283 3058 quia
2327 2997 2617 3059 corpus,

607 3051 899 3117 flammae
940 3058 1011 3118 vi
1051 3079 1089 3120 e
1126 3078 1292 3144 rogo
1329 3056 1639 3138 ejectum,
1689 3078 1887 3140 quum
1924 3059 2160 3141 reponi
2243 3072 2474 3142 ropter
2513 3079 2621 3118 ar-

609 3134 1223 3284 zioremsnequiret,
1282 3138 1458 3221 juxta
1506 3137 1850 3203 sarmentis
1896 3139 2043 3204 aliis
2083 3161 2171 3202 nu
2218 3161 2325 3202 um
2361 3160 2621 3206 crema-

640 3239 747 3279 um
793 3240 830 3281 e
855 3236 900 3287 t.

257 3331 592 3410 Belllltp1‘<
733 3343 963 3408 xvm.
1027 3333 1140 3408 Sic
1191 3346 1525 3411 atrocibus
1575 3348 1738 3410 belli
1784 3347 1979 3409 minis
2027 3347 2204 3409 inter
2242 3344 2379 3431 ipsa
2422 3345 2622 3408 initia

233 3408 362 3460 ³⁰²¹?
398 3409 587 3490 grpeia
612 3427 991 3512 compress'is
1016 3470 1035 3500 ,
1091 3428 1422 3504 victores,
1488 3451 1633 3492 rara
1684 3430 1769 3492 iis
1817 3428 2224 3513 temporibus
2265 3425 2616 3500 modestia,

224 3477 585 3601 'agrum‘
608 3523 774 3602 1³¹¹,sse
818 3510 1112 3571 contenti
1159 3512 1448 3574 fuerunt.
1535 3533 1726 3597 quam
1777 3511 1861 3573 ob
1912 3510 2426 3581 moderationem
2479 3530 2623 3571 non
2694 3553 2695 3556 ,

609 3603 859 3663 minus,
907 3591 1097 3674 quam
1130 3593 1215 3654 ob
1246 3592 1493 3658 bellum
1522 3594 1816 3659 feliciter
1844 3592 2240 3667 confectum,
2283 3592 2368 3675 Ο.
2398 3592 2622 3676 Catuli

613 3701 1293 3733 Q
1614 3703 1619 3710 f

687 3776 834 3849 oap.
867 3778 996 3833 xv.
1034 3779 1207 3834 oros.
1243 3782 1493 3842 ,Fastica
1538 3780 1603 3836 it.
1629 3781 1767 3837 cic.
1801 3779 1872 3836 de
1895 3779 2012 3837 off.
2035 3798 2086 3847 2,
2112 3800 2196 3847 1¹7.
2237 3780 2539 3837 Sall-nist.
2567 3799 2621 3847 ι,
2688 3759 2693 3854 γἶ

619 3859 707 3903 11‘.
777 3845 925 3918 cap.
958 3847 1115 3904 XVI.
1156 3849 1317 3905 Flor.
1357 3850 1505 3905 Ense
1552 3888 1567 3905 .
1595 3851 1770 3906 Oros.
1807 3848 1985 3905 Rutil.
2022 3850 2155 3904 1tin.
2182 3869 2305 3906 nv.
2330 3861 2451 3918 297.
2490 3843 2622 3904 sul.

588 3913 1145 4056 {separatr-
1163 3917 1824 4043 mse:
1867 3919 2023 4043 aa.
2037 3919 2509 4042 ¹2.÷3;..0;zz.⁵.;.

612 4044 831 4179 {1032
843 4051 1028 4191 ,ΡΒΙῖιῐι1
1056 4058 1260 4130 Pomp.
1300 4056 1451 4116 Ptin.
1487 4073 1540 4129 7,
1572 4057 1660 4116 36.
1703 4059 1792 4116 53.
1867 4057 2012 4130 Cap.
2035 4055 2247 4115 xvul.
2275 4056 2441 4113 Flor.
2469 4055 2619 4164 Vol.
2690 4061 2691 4070 ’
