2717 4667
2291 306 2322 319 Q

560 216 650 277 m
690 155 989 277 Locum⁸
1030 212 1190 276 Lm.
1235 213 1517 281 xcvm.
1558 213 1783 282 mvn.
2049 210 2172 306 με

194 416 366 477 alium
402 398 538 500 pene
566 402 737 501 Jblem
759 463 778 495 ‚
832 417 1055 502 'ignotas
1093 425 1151 481 in
1192 440 1374 481 terras
1415 415 1565 481 trahi
1585 463 1603 495 ‚
1667 419 1875 501 etiamsi
1905 419 2171 504 ’impervia
2227 444 2296 500 U.
2320 463 2369 500 ρ,
2386 446 2509 513 634,

179 499 352 582 ftrro
393 499 632 558 membra
671 502 924 561 haberent
949 545 966 574 ,
1024 501 1176 584 senio
1218 521 1271 561 et
1312 505 1577 566 itinerum
1620 502 1801 562 labore
1842 504 2165 585 defi-cturos.
2225 513 2298 567 A.
2320 515 2387 567 C.
2407 516 2495 569 08.

192 584 283 640 lta
312 581 1080 666 Luculloquiesccndum
1124 583 1511 667 aliquamdiu
1548 597 1768 644 contra
1803 587 1998 646 animi
2023 597 2168 648 sen-
2212 583 2545 663 Q·M³'¹·pi‚02

193 664 467 723 tentiam
521 662 669 724 fuit.
772 668 1027 730 Interea
1075 668 1316 727 Romae
1372 664 1605 725 iisdem
1660 667 2032 728 consulibus
2079 672 2165 727 M.
2192 652 2529 736 L·C“³¹,³⁰¹¹¹⁰

180 733 448 826 ‘Pupius
483 744 637 805 Piso
683 766 762 808 ex
794 746 1099 831 Hispania
1146 745 1599 829 triumphavit,
1660 767 1789 810 non
1833 748 2169 812 admodum
2187 721 2437 842 ’(ἐῖῗῇιὶ
2447 788 2565 854 wf-

197 825 451 907 magnis
489 823 681 908 gestis
713 827 930 889 rebus.
1002 830 1294 911 Sequens
1329 847 1531 888 annus
1566 849 1760 888 unum
1791 844 2167 892 tantummo·
2190 857 2328 924 sm„
2346 858 2566 908 ‚mm-m,

196 905 276 992 do
316 905 648 969 consulem
681 907 937 983 habuit,
983 910 1065 1004 Q.
1095 909 1407 970 Marcium
1437 912 1708 992 Regem,
1753 911 1902 994 quia
1932 914 2007 972 L.
2031 916 2170 973 Me·
2195 925 2564 990 eintiumsuf-
2596 979 2599 990 ,

195 988 394 1052 tellus
459 989 706 1074 collega
760 989 897 1071 ejus
957 991 1283 1075 principio
1334 991 1483 1052 anni
1535 990 1861 1065 obiverat‚
1934 1007 1999 1055 et
2036 989 2287 1075 postfict‘
2336 992 2529 1063 religio

198 1089 348 1135 eum
386 1069 586 1143 alius,
649 1072 760 1156 qui
809 1072 1021 1134 fuerat
1075 1074 1143 1133 in
1199 1074 1410 1134 locum
1452 1072 1700 1133 Metelli
1751 1074 2134 1157 subrogatus
2150 1063 2284 1150 3‘ss·

197 1170 272 1214 ea
322 1172 407 1213 ue
453 1172 534 1215 ex
568 1173 644 1215 re
683 1149 1078 1238 postmodum
1121 1152 1336 1246 suffici
1380 1173 1759 1239 quemquam
1799 1156 2037 1239 religio
2076 1156 2176 1215 in·

198 1251 273 1294 ce
373 1246 496 1294 rat.

317 1357 605 1423 LXVIII.
648 1349 897 1421 Interea
919 1358 1353 1434 Mithridates,
1377 1354 1712 1420 'armorum
1741 1358 2026 1430 officinis
2055 1378 2178 1442 per
2214 1373 2570 1434 mmmm„

203 1439 443 1524 oppida
476 1437 803 1513 institutis,
848 1440 1018 1503 omni
1068 1461 1149 1502 ue
1185 1442 1327 1503 fere
1357 1441 1810 1501 Armeniorum
1845 1441 2175 1521 juventute
2202 1463 2388 1500 novum
2403 1462 2552 1499 exer.

207 1534 566 1594 contracta,
611 1521 899 1584 delectus
929 1542 1045 1603 age
1094 1536 1195 1584 at:
1238 1521 1408 1583 unde
1449 1523 1718 1583 retentis
1743 1565 1759 1595 ,
1852 1543 2078 1582 uorum
2112 1545 2177 1582 a·
2203 1515 2548 1585 ⁶³¹“m“83¹·

204 1601 460 1664 lacritas
484 1617 565 1665 ‘et
601 1603 803 1664 robur
835 1604 1186 1676 eminebat,
1236 1603 1636 1687 septuaginta
1669 1605 1833 1665 milli
1881 1625 1955 1664 us
1993 1603 2179 1698 pedi-
2257 1601 2266 1658 J

213 1695 370 1756 tum,
412 1684 683 1768 triginta
718 1685 1000 1769 quinque
1039 1687 1347 1768 equitum,
1391 1697 1671 1746 ceteram
1706 1683 2181 1746 multitudinem

223 1763 472 1826 dimisit.
540 1769 667 1826 Eas
705 1767 947 1850 copias,
990 1767 1059 1827 in
1093 1765 1398 1828 cohortes
1434 1767 1691 1849 alasque
1724 1766 2017 1850 proxime
2047 1769 2179 1850 Ro.-

221 1865 455 1906 manum
490 1867 740 1909 morem
774 1848 1082 1921 tributas,
1142 1867 1262 1930 per
1294 1847 1592 1926 homines
1629 1849 1939 1912 Ponticos
1962 1890 1978 1918 ,
2026 1869 2179 1930 gna-

218 1947 321 1988 ros
362 1927 498 2007 ejus
547 1930 849 2002 militiae,
895 1929 1258 1991 exercebat.
1346 1929 1634 2012 Spatium
1680 1930 1741 1991 ei
1786 1929 2015 1991 dabant
2047 1931 2179 1989 Ro-

207 2029 537 2070 manorum
563 2011 833 2071 militum
861 2011 1017 2072 vitia
1039 2054 1056 2082 ,
1098 2010 1221 2090 jam
1255 2012 1434 2072 velut
1467 2012 1768 2093 precario
1795 2011 2179 2095 parentium.

203 2090 381 2153 Haec
432 2091 655 2153 verior
692 2091 903 2153 'cauffa
953 2091 1184 2153 dilatae
1234 2091 1669 2174 expeditionis
1705 2093 1977 2154 Lucullo
2016 2092 2177 2165 fuit,

205 2192 393 2256 quam
430 2172 711 2256 frigora,
759 2193 922 2257 quae
963 2172 1498 2235 obtendebantur.

325 2296 553 2357 LXIX.
615 2295 818 2379 Igitur
859 2317 987 2357 non
1022 2311 1168 2362 ante
1207 2296 1483 2358 mediam
1519 2296 1812 2359 aestatem
1845 2297 2036 2358 motis
2076 2316 2178 2357 ca·
2236 2312 2505 2368 Lug-„uus

199 2374 345 2438 stris
368 2419 385 2449 ‚
483 2399 629 2450 uum
661 2375 1092 2461 persequendi
1125 2379 1428 2462 Tigranis
1464 2379 1664 2439 cantra
1695 2381 1974 2441 Taurum
2004 2392 2176 2438 tran·
2209 2385 2436 2437 Taurum
2491 2447 2504 2461 .

200 2457 424 2520 scendi
480 2474 578 2529 et,
624 2458 780 2520 licet
815 2460 1122 2543 opinione
1160 2482 1270 2522 sua
1304 2460 1534 2532 falsuS,
1581 2460 1648 2520 in
1689 2461 1871 2542 plana
1912 2458 2178 2521 deduxit
2200 2449 2550 2506 transcendu-

198 2540 580 2601 exercitum.
663 2539 867 2635 Quam
912 2543 1084 2603 enim
1123 2540 1237 2603 ille
1286 2542 1544 2602 messem
1595 2542 1677 2602 ob
1727 2541 1874 2601 anni
1923 2554 2175 2623 tempus
2243 2617 2246 2620 y

194 2621 323 2703 jam
361 2635 667 2684 maturam
703 2620 1072 2706 adepturam
1110 2620 1591 2694 existimaverat,
1637 2622 1842 2683 adhuc
1880 2622 1946 2681 in
1976 2620 2177 2683 herba

198 2716 375 2777 erat,
426 2723 549 2787 pro
595 2717 698 2764 ter
735 2705 903 2766 coeli
943 2705 1345 2788 asperitatem
1391 2703 1635 2766 tardius
1674 2704 1765 2763 ibi
1800 2702 2174 2765 canescente

200 2805 272 2846 se
323 2798 450 2846 ete.
537 2726 982 2870 &uaproptem
1036 2800 1106 2849 ut
1140 2786 1216 2846 ad
1251 2787 1573 2870 proelium
1610 2786 1881 2847 eliceret
1910 2784 2171 2858 hostem,

197 2886 275 2928 va
329 2885 442 2926 are
487 2880 736 2949 partem
781 2868 1074 2951 regionis
1124 2868 1375 2951 coepit:
1444 2881 1509 2928 et
1553 2866 1969 2928 nihilominus
2019 2886 2172 2928 cun-

141 2970 145 2973 ·
200 2948 524 3009 ctantibus
554 2949 903 3022 Armeniis,
946 2948 1025 3009 ad
1060 2949 1321 3010 illorum
1347 2947 1541 3010 castra
1565 2948 1916 3010 contendit.
1971 2951 2175 3009 Erant

196 3029 309 3091 illa
347 3029 417 3090 in
454 3030 621 3090 colle
657 3030 927 3113 quodam
969 3032 1125 3104 sita,
1186 3031 1296 3090 ubi
1341 3031 1695 3114 peditatum
1733 3049 1984 3092 omnem
2027 3045 2174 3091 cum

191 3115 383 3194 parte
431 3111 751 3192 equitatus
786 3111 1192 3192 Mithridates
1236 3110 1642 3191 continebat:
1702 3131 1846 3173 cum
1898 3110 2173 3194 reliquis

175 3191 531 3275 ‘equitibus
561 3194 875 3275 Tigranes
903 3193 1478 3256 frumentatoribus
1508 3192 1867 3263 insidiatus,
1907 3192 2009 3253 bis
2037 3206 2174 3252 ter·

195 3293 280 3335 ve
314 3272 614 3356 repulsus
648 3297 683 3334 a
714 3276 1020 3336 Romanis
1058 3273 1164 3345 est,
1209 3275 1339 3337 levi
1379 3285 1523 3336 cum
1553 3273 1791 3353 jactura
1820 3274 2169 3345 hominum,

244 3357 346 3416 uia
374 3358 666 3416 Romano
701 3357 1002 3439 superior
1036 3354 1347 3417 barbarus
1380 3358 1721 3439 equitatus»,
1768 3356 1952 3416 simul
1990 3372 2175 3415 acce-

197 3375 360 3498 dere
403 3435 656 3518 pedites
693 3438 1009 3511 senserat,
1063 3437 1369 3499 ·vertebat
1393 3451 1614 3519 terga,
1670 3437 2012 3519 fugamque
2045 3435 2173 3495 ini-

194 3520 307 3582 bat
339 3515 626 3580 hostibus
654 3518 1152 3593 damnosiorem,
1196 3517 1566 3580 emittendis
1603 3539 1637 3577 a
1670 3530 1857 3600 tergo
1894 3515 2170 3596 sagittis,

197 3601 570 3681 multosque
599 3614 703 3660 aut
733 3598 1207 3663 interficiebant
1232 3599 1465 3673 statim,
1510 3611 1617 3660 aut
1649 3598 2030 3682 gravissimis
2064 3594 2176 3656 ad-

199 3680 506 3743 ficiebant
555 3680 955 3744 vulneribuS.
1053 3682 1367 3765 Duplices
1398 3681 1576 3743 'enim
1620 3681 1884 3742 aculeos,
1918 3678 2179 3738 illorum

205 3763 479 3847 sagittae
517 3760 872 3837 habebant,
920 3764 1016 3826 sic
1049 3776 1333 3846 aptatos,
1379 3777 1483 3837 ut,
1533 3763 1590 3824 si
1627 3759 2002 3823 arundinem
2039 3759 2180 3824 vel-

274 3949 421 4019 Cap.
455 3948 685 4003 van.
737 3948 959 4003 Gicsin
988 3949 1106 4004 Pis.
1145 3967 1194 4003 c.
1229 3938 1316 4005 26.
1355 3960 1414 4005 et
1443 3945 1530 4003 ibi
1561 3947 1775 4003 Ascon-
1827 3942 1965 3998 Dio.
2036 3942 2183 4022 Cap.

202 4019 462 4073 vanl.
521 4017 769 4139 Apziau.
824 4018 1083 4100 Phlegon
1127 4036 1158 4071 a
1205 4017 1284 4071 ud
1325 4019 1496 4098 Pbot.
1548 4016 1805 4089 Appian.
1855 4015 2008 4067 I’lut.
2046 4013 2184 4064 Dio.

206 4086 360 4140 Plut.
438 4087 584 4160 Cap.
669 4086 819 4142 xlx.
858 4086 1112 4159 Appian.
1194 4086 1301 4144 lut.
1338 4088 1481 4143 Dio.
