2717 4667
560 235 676 308 172
753 217 1157 284 FREINSH.
1179 215 2010 284 SUPPLEMENTORUM
2039 201 2500 284 an.x1,v111.

358 467 375 486 .
407 430 531 488 668.
560 442 694 491 ctas
716 469 732 500 ‚
790 431 1099 487 Memnon
1147 447 1229 488 ex
1257 427 1578 496 Heraclea
1603 426 1879 487 Pontica
1916 426 2201 508 scriptor
2235 424 2512 496 tradidit
2533 469 2554 500 ‚

374 538 391 554 ·
425 500 518 569 84·
561 512 632 571 ἰη
682 522 903 593 partes
961 508 1179 590 regias
1238 508 1323 569 ob
1371 528 1783 590 *communem
1838 509 2108 589 patriam
2158 508 2604 592 proclivior.‘

559 592 738 654 Idem
789 591 914 676 tria
966 591 1355 651 talentorum
1406 590 1610 651 millia
1650 588 1890 672 Sullam
1939 611 1975 650 a
2017 588 2393 651 Mithridate
2438 610 2561 651 ac-

557 673 797 757 cepiss‘e
831 685 1179 746 memorat,
1223 684 1297 732 ut
1331 671 1590 733 domum
1629 685 2098 754 reverteretur.
2182 675 2393 733 Naves
2437 691 2564 733 re-

556 775 704 840 gem
753 754 1156 837 septuaginta
1198 773 1344 814 cum
1387 753 1763 837 quingentis
1804 773 1870 812 sa
1919 753 2194 827 ittariis‚
2258 753 2565 837 itemque

554 835 846 919 captivos
898 834 1263 905 tradidiss'e‚
1327 834 1438 912 (in
1492 836 1724 916 quibus
1770 849 1834 894 et
1941 878 1958 893 .
1996 834 2102 918 Op
2154 836 2290 908 ius»,
2356 849 2424 897 et
2477 838 2565 897 L.

201 431 283 555 *ἐς
274 379 275 382 „

320 448 366 556 0⁶

559 918 827 989 Caffius,
873 915 1092 978 nescio
1129 936 1259 1000 quo
1296 916 1442 976 casu
1477 913 1778 978 redactus
1817 939 1884 975 1n
1919 929 2073 1000 pote
2161 931 2290 978 tem
2322 915 2563 990 hostie,

557 1000 861 1078 fuerunt)
907 1013 1002 1071 et,
1049 997 1108 1059 si
1151 1018 1316 1081 quae
1360 999 1484 1058 alia
1530 1019 1609 1058 ex
1646 996 1921 1059 foedere
1963 998 2400 1073 debebantur,
2446 999 2566 1060 fe-

558 1082 751 1154 ciss'e‚
801 1081 956 1141 satis
1000 1076 1269 1142 constat:
1313 1077 1552 1140 deinde
1594 1080 1662 1140 in
1706 1092 2044 1162 paternum
2086 1100 2395 1164 regnum,
2435 1077 2602 1143 <zu-⁸

440 1192 447 1210 ·
554 1162 657 1244 jus
693 1163 823 1246 ipsi
865 1160 1310 1223 confirmatum
1352 1161 1576 1223 eadem
1616 1182 1778 1244 pace
1814 1161 1914 1242 jus
1955 1176 2129 1236 erat,
2175 1160 2434 1225 rediise.

678 1294 881 1355 XXX.
925 1292 1014 1356 At
1041 1295 1372 1376 Romanus
1410 1293 1734 1355 exercitus
1763 1290 2238 1376 indignabatur,
2281 1293 2426 1373 quod
2456 1294 2566 1354 di.

555 1374 740 1458 miffiaes
778 1399 806 1435 e
836 1374 1078 1435 manibus
1118 1395 1220 1434 rex
1261 1379 1498 1454 ommium
1555 1372 1857 1452 aeviffimus
1875 1416 1892 1449 ,
1959 1378 2261 1454 nominique
2306 1375 2568 1452 Romano

556 1445 921 1542 inftstzffimus
936 1504 955 1534 ,
1016 1476 1246 1517 coactam
1297 1478 1368 1516 ex
1413 1474 1515 1538 opu
1541 1453 1818 1533 eutiffi'mis
1865 1453 2018 1535 Altae
2070 1454 2375 1538 regionibus
2434 1477 2568 1517 toto

554 1540 908 1621 quadriennio
946 1538 1204 1618 praedam
1219 1580 1237 1610 ‚
1304 1542 1363 1598 in
1403 1540 1648 1619 patrium
1693 1558 1917 1617 regnum
1945 1536 2128 1618 sospes
2163 1536 2570 1616 incolumisque

556 1638 889 1701 reportaret.
935 1620 1188 1693 donec,
1233 1619 1539 1682 advocata
1577 1619 1919 1693 concione,
1964 1603 2255 1684 reddidit
2288 1620 2573 1682 consilii

557 1702 881 1764 rationem
919 1702 1135 1774 Sulla,
1197 1701 1585 1787 docuitque,
1639 1701 1699 1783 fi
1728 1700 2162 1774 Mithridatem,
2219 1718 2342 1782 pace
2382 1703 2567 1762 dene-

551 1799 683 1866 gata
703 1826 720 1857 ,
781 1785 855 1843 ad
896 1785 1169 1845 Fimbriae
1214 1785 1499 1865 petendam
1550 1786 1838 1843 amicitiam
1884 1782 2211 1863 compulisti-t
2231 1824 2249 1855 ‚
2311 1787 2572 1843 veritum

543 1863 713 1949 fuiffi’
732 1908 748 1938 ,
795 1884 858 1925 ut
891 1863 1143 1945 ambobus⁸
1199 1868 1305 1925 atis
1331 1863 1504 1946 poffet-
1535 1862 1792 1946 resistere.
1853 1885 1993 1925 nunc
2009 1905 2026 1937 ,
2070 1884 2243 1923 amoto
2278 1864 2419 1942 hoste
2451 1887 2572 1925 ex-

561 1967 717 2006 terno
737 1989 755 2020 ,
788 1964 990 2027 poenae
1028 1947 1094 2005 de
1154 1946 1380 2029 editiojb
1412 1950 1524 2009 cive
1567 1966 1689 2007 tuto
1712 1945 2004 2027 sumendae
2036 1950 2203 2005 otium
2232 1944 2352 2027 effi’.
2453 1985 2464 1998 ι

230 2104 392 2160 Suu,
416 2120 533 2154 con·
684 2077 917 2157 XXXI:
960 2076 1169 2154 Movit
1213 2075 1454 2142 deinde
1495 2077 1720 2140 versus
1751 2077 2092 2159 Thyatira,
2139 2076 2285 2151 ubi,
2332 2074 2576 2140 castris

195 2187 285 2229 tra
303 2172 531 2226 Fimbri.
558 2159 832 2242 positiS,
878 2155 1167 2230 Fimbria
1206 2160 1628 2223 consederat:
1693 2175 1795 2232 et,
1838 2171 2035 2244 quum
2073 2158 2154 2219 ad
2191 2160 2401 2244 paffus
2439 2160 2578 2220 du·-

198 2251 496 2298 ammovet.
561 2253 790 2301 centos
843 2239 1309 2324 quinquaginta
1363 2241 1564 2306 castra·
1615 2240 1831 2303 castris
1891 2235 2312 2314 contulisset,
2365 2241 2582 2323 jussit

502 2397 503 2400 Ἴ
560 2342 679 2382 eum
713 2324 938 2403 imperio
978 2323 1164 2382 cedere
1186 2365 1203 2397 ‚
1268 2326 1412 2404 quod
1450 2343 1639 2385 contra
1675 2325 1726 2384 le
1762 2345 1830 2383 es.
1855 2322 2143 2383 obtineret.
2242 2325 2358 2386 Ille
2383 2367 2402 2397 ‚
2463 2326 2580 2387 vi-

558 2404 783 2465 cissim
815 2403 1141 2478 irridens,
1186 2405 1396 2466 Sullam
1432 2410 1610 2485 potius
1645 2428 1698 2465 ce
1739 2427 1829 2464 ere
1863 2404 2092 2485 jussit,
2138 2410 2246 2485 qui·
2271 2405 2434 2481 hostis
2475 2407 2577 2486 es-

546 2486 637 2568 ftt
670 2489 884 2567 patriae
907 2485 1218 2566 judicatus.
1307 2487 1442 2549 Sed
1474 2486 1586 2547 ubi
1618 2487 1795 2549 Sulla
1833 2487 2321 2551 circumvallare
2358 2485 2581 2549 castra

559 2567 932 2629 Fimbriana
975 2569 1234 2653 coepit,
1280 2570 1500 2631 crebri
1541 2570 1621 2630 ad
1657 2589 1803 2631 eum
1839 2568 2080 2629 milites
2114 2569 2534 2648 transierunt
2555 2614 2576 2643 ‚

233 2667 537 2722 Rufinam·
564 2647 993 2732 Sullanosque
1022 2649 1090 2708 in
1119 2669 1323 2736 opere
1351 2650 1659 2712 faciundo
1692 2650 2111 2731 adjuverunt..
2151 2650 2356 2732 Igitur
2380 2653 2433 2711 F
2437 2651 2582 2713 im·
2611 2687 2616 2698 ·

210 2737 377 2789 mutet·
429 2737 503 2789 ad
563 2730 744 2810 bria,
800 2729 865 2790 in
906 2732 1227 2795 concione
1265 2732 1542 2794 militum
1576 2747 1819 2794 sortem
1854 2752 2035 2791 suam
2070 2733 2324 2818 prolixe
2364 2731 2583 2800 mise-

210 2822 329 2857 θ’*
349 2817 538 2859 *⁷⁶⁸⁸-
564 2826 775 2885 ratuS,
835 2825 1012 2884 orat‘,
1069 2833 1134 2872 ne
1175 2814 1462 2898 deserant,
1510 2835 1639 2874 neve
1661 2855 1678 2887 ,
1721 2832 1877 2896 quem
1910 2813 2015 2893 ipsi
2045 2816 2434 2893 imperatorem
2453 2817 2578 2896 Je-

215 2884 366 2930 ⁴“'“·
563 2892 779 2972 ciffient,
823 2897 1018 2974 optime
1052 2894 1120 2953 de
1142 2892 1205 2974 Je
1239 2900 1494 2954 meritum
1532 2896 1826 2967 hominem,
1872 2894 2032 2955 rebus
2060 2895 2345 2977 praeclare
2362 2898 2577 2980 gestis,

560 2974 736 3036 milite
769 2974 947 3034 ditato
965 3016 983 3049 ,
1027 2976 1236 3060 injuria
1274 2973 1438 3055 adfici
1471 2994 1820 3059 paterentur.

682 3105 940 3168 XXXII.
1002 3106 1263 3170 Nullum
1311 3104 1637 3169 infirmius
1681 3105 1767 3168 ad
1816 3104 2012 3169 fidem
2058 3105 2385 3176 vinculum
2428 3105 2582 3182 est,

528 3211 531 3222 ·
564 3187 754 3271 quam
789 3187 963 3270 quod
1002 3188 1314 3252 societate
1352 3190 1676 3256 scelerum
1714 3187 2180 3272 adstringitur,
2225 3207 2347 3249 nec
2382 3188 2588 3252 aliud

564 3268 796 3338 citius.
847 3282 956 3331 aut
980 3270 1395 3353 poenitentia
1433 3270 1871 3338 tolerabilium
1893 3312 1910 3341 ‚
1956 3284 2064 3331 aut
2098 3270 2364 3332 levitate
2402 3290 2588 3352 per-

566 3349 890 3423 ditorum,
948 3352 1279 3415 mutabile.
1379 3356 1465 3414 Et
1497 3373 1628 3416 non
1662 3350 1968 3425 deerant,
2017 3352 2164 3435 qui,
2212 3371 2330 3434 spe
2362 3372 2588 3433 prae-

565 3431 848 3492 miorum
880 3453 914 3492 a
947 3433 1124 3498 Sulla
1160 3434 1494 3521 corrupti,
1557 3448 1815 3496 ceteros
1865 3434 2060 3501 etiam
2108 3433 2185 3493 ab
2235 3432 2587 3515 obsequio

567 3511 899 3575 Fimbriae
938 3514 1318 3578 avellerent.
1405 3516 1611 3600 Igitur
1646 3514 1872 3600 pass'im
1904 3529 2038 3577 tota
2076 3514 2395 3575 concione
2432 3515 2591 3576 cla-

568 3614 789 3657 mores
838 3594 1219 3671 audiuntur,
1279 3610 1505 3661 contra
1556 3596 1734 3658 cives
1782 3618 1954 3658 arma
2006 3616 2264 3658 sumere
2314 3616 2592 3677 negan-

569 3674 755 3737 tium.
841 3680 1007 3738 Tum
1038 3678 1188 3753 ille,
1248 3678 1330 3741 de
1367 3678 1678 3740 tribunali
1713 3677 2063 3752 desiliens,
2122 3678 2306 3739 eciffa
2338 3678 2593 3742 tunica

570 3756 974 3842 singulorum
1009 3760 1289 3847 pedibus
1321 3759 1713 3824 advolvitur.
1797 3761 1870 3822 Id
1903 3780 2160 3846 quoque
2195 3755 2435 3820 frustra
2467 3760 2593 3823 sa-

382 3077 405 3114 Χ

639 3955 786 4030 Cap.
827 3960 1027 4018 XXIX.
1080 3965 1380 4021 Memnon.
1431 3964 1584 4020 Plut.
1638 3964 1796 4022 Vell.
1827 3983 1895 4032 ι,
1928 3965 2015 4022 ²3.
2073 3963 2165 4039 Ap
2213 3965 2331 4022 ian.
2410 3967 2506 4023 Ca
2569 4005 2591 4022 .

568 4026 744 4079 XXX.
770 4027 943 4111 mut..
972 4033 1054 4086 Ca
1101 4036 1341 4090 xxm.
1380 4034 1471 4110 Ap
1519 4033 1637 4089 ian.
1673 4034 1825 4089 Plut.
1858 4034 1908 4088 A
1995 4034 2112 4092 ian.
2158 3983 2302 4110 εαρ-
2323 4036 2431 4093 XX
2533 4039 2594 4096 1.

570 4092 741 4152 Auet.
781 4094 852 4152 de
886 4117 998 4156 vir.
1034 4101 1047 4114 ‘
1094 4104 1231 4162 ustr.
1264 4104 1325 4159 in
1355 4103 1425 4159 Fi
1530 4120 1580 4160 r.
1617 4102 1873 4183 Appian.
1954 4052 2067 4160 lut.
