2717 4667
514 247 517 254 .
610 202 727 270 142
761 190 1319 270 FnEthnmm
1336 185 2153 258 SUPPLEMENTORUM
2178 190 2594 259 menvm

270 401 344 459 ΙΙ.
379 417 431 454 ο.
461 397 583 457 ⁶⁶6.
607 369 900 482 Recepti·
926 377 1049 482 pro
1083 398 1307 461 amicis
1337 399 1466 463 late
1505 417 1630 483 per
1668 410 1803 461 tota
1841 394 2033 460 castra
2068 410 2393 461 terrorem
2430 418 2582 462 cae·

273 470 347 525 A·
379 468 550 526 θῶ·
614 480 893 565 demque
932 478 1300 552 ediderunt.
1663 479 1666 486 ’
1801 482 1806 486 ’

293 605 596 665 Aufida„
736 586 845 647 lx.
905 585 1028 646 His
1077 583 1503 647 incommodis
1522 626 1541 657 ,
1601 597 1669 647 et
1704 583 1855 669 quia
1890 584 2149 648 barbari
2185 561 2430 648 temere
2469 604 2589 647 va-

254 678 437 741 eastra
484 692 589 727 ono-
616 664 830 729 stando
876 665 1043 730 culta
1069 667 1416 751 penuriam
1461 664 1572 728 fibi
1607 681 2069 729 commeatuum
2102 688 2183 729 ex
2217 686 2438 751 magna
2469 685 2590 728 co-

255 753 363 804 we-
427 737 589 799 Sana
613 747 721 832 pia
752 748 1097 819 fecerant„
1121 747 1475 810 Archelaus
1508 748 1586 809 ad
1612 747 1979 810 Chalcidem
2015 748 2433 810 retrocedere
2465 745 2592 808 sta-

135 891 143 898 ,
253 813 520 883 ''Vin'‘
611 830 770 902 tuit,
810 828 922 890 ubi
954 848 991 891 e
1018 829 1357 890 maritimis
1388 829 1909 892 subvectionibus
1943 828 2371 891 abundaturus
2402 847 2597 891 com-

608 923 821 973 meatu
863 922 1038 973 erat:
1101 908 1252 970 dum
1283 905 1557 972 Romani
1605 909 1773 973 fame
1819 932 1891 973 ac
1919 912 2147 996 inopia
2192 930 2408 972 rerum
2442 930 2594 973 om-

488 1047 493 1054 .
607 992 787 1053 nium
822 990 891 1052 in
929 988 1178 1054 vastatis
1217 992 1391 1075 agris
1427 1006 1878 1054 attererentur.
1964 997 2106 1055 Non
2141 990 2402 1054 fallebat
2431 993 2595 1053 Sul-

607 1072 767 1146 lam,
815 1072 972 1156 quid
1002 1070 1198 1134 hostis
1235 1074 1593 1135 moliretur.
1660 1072 1896 1155 igitur,
1940 1072 2381 1136 discedentem
2469 1094 2591 1135 ro-

610 1151 760 1217 vide
798 1153 1137 1238 sequutus,
1183 1174 1393 1237 neque
1441 1174 1510 1215 se
1550 1152 1736 1215 dabat
1762 1155 1829 1213 in
1859 1155 2228 1226 discrimen,
2273 1166 2339 1217 et
2371 1154 2415 1214 il
2451 1176 2593 1230 um,

611 1236 826 1320 qualia
857 1236 1173 1308 voluiss'et,
1218 1236 1449 1297 itinera
1483 1234 1700 1297 facere
1741 1236 2143 1318 prohibebat.
2200 1240 2288 1297 lta
2317 1251 2598 1298 ventum

611 1315 692 1395 ad
728 1317 1165 1386 Chaeroneam
1201 1314 1321 1390 est,
1365 1316 1696 1379 Plutarchi
1732 1315 1972 1379 nobilis
2047 1315 2366 1400 hilosophi
2399 1330 2594 1378 nata·

609 1398 782 1464 libus
840 1398 1184 1466 illustrem:
1265 1398 1377 1483 qui
1440 1418 1658 1460 rerum
1713 1396 1963 1480 istarum
2066 1395 2343 1460 istoriam
2403 1417 2598 1459 com-

670 1481 855 1545 ol'uit.
1909 1479 1914 1484 ⁴

297 1575 599 1635 chuono
621 1502 667 1564 P
747 1565 823 1624 X.
887 1563 1045 1623 Erat
1094 1560 1264 1623 inter
1307 1560 1537 1632 auxilia
1575 1562 1857 1623 Romana
1894 1557 2422 1624 Chaeronenlium
2467 1579 2597 1623 co-

254 1635 446 1700 ioum
461 1645 592 1725 regi·
621 1640 813 1706 hors:
857 1662 1063 1727 quae,
1099 1643 1340 1726 patriae
1374 1643 1670 1731 periculo
1706 1657 1908 1718 mota,
1952 1642 2159 1704 oravit
2195 1642 2452 1713 Sullam,
2496 1663 2598 1705 ne

262 1731 321 1767 os
359 1714 594 1781 d‘1²¹¹‘ss
618 1721 903 1786 hostibus
963 1724 1089 1786 ess'e
1140 1724 1420 1808 praedae
1480 1737 1833 1807 pateretur.
1936 1724 2240 1787 Sulla'et
2293 1723 2446 1784 illos
2503 1724 2602 1787 ad

259 1794 377 1836 ‘¹¹⁷‘
616 1805 999 1890 praemium
1026 1805 1274 1889 patriae
1308 1825 1658 1868 occurrere
1690 1805 1892 1886 juffit‚
1939 1819 2002 1867 et
2036 1825 2176 1867 cum
2215 1823 2336 1866 una
2368 1806 2432 1866 le
2481 1805 2598 1868 io-

615 1905 703 1947 ne
737 1886 1080 1950 Gabinium
1115 1887 1441 1948 tribunum
1471 1886 1743 1949 militum
1778 1908 1858 1951 eo
1892 1883 2069 1952 misst.
2111 1898 2407 1970 tantaque
2511 1908 2599 1950 o-

613 1987 949 2030 manorum
1003 1967 1340 2052 diligentia
1393 1967 1554 2042 suit,
1617 1982 1692 2032 ut
1714 2012 1732 2043 ,
1796 1971 1867 2034 in
1926 1968 2238 2031 servando
2297 1968 2598 2052 oppido,

617 2047 1154 2122 Chaeronenssum
1181 2051 1488 2148 'ipsorum
1534 2050 1690 2113 licet
1729 2050 2107 2113 inflammata
2152 2047 2345 2111 studia
2385 2071 2596 2156 prae-

616 2131 894 2193 veniret.
975 2132 1268 2206 Barbari,
1309 2133 1423 2217 spe
1498 2131 1747 2194 otiundi
1778 2132 2002 2217 oppidi
2030 2131 2260 2202 amiss'a,
2302 2131 2369 2190 in
2410 2131 2597 2192 rhu-

546 2263 553 2268 .
618 2212 723 2272 rio
746 2212 1230 2296 (confragosum
1261 2154 1599 2276 admodum
1632 2226 1697 2276 et
1726 2226 2136 2298 praeruptum
2166 2212 2230 2272 su
2283 2233 2348 2299 ra
2373 2211 2602 2274 Chae-

619 2313 887 2356 roneam
927 2293 1379 2374 cacumenest)
1419 2295 1632 2357 valido
1672 2296 1983 2359 collocato
2018 2231 2366 2379 praefidio,
2409 2291 2601 2359 haud

618 2375 873 2460 procul·
894 2375 1044 2439 inde
1088 2374 1281 2439 castra
1317 2377 1691 2461 posuerunt.

301 2490 459 2548 Suu·
488 2492 599 2548 ae!-
739 2482 850 2543 XI.
897 2479 1220 2558 At'Snlla,
1266 2481 1750 2546 aestimato-loci
1784 2482 2082 2564 ingenio,
2174 2501 2320 2542 uum
2349 2479 2602 2541 barba-

267 2579 345 2616 m
369 2563 599 2631 instruit,
622 2584 734 2625 ros
785 2586 961 2625 suam
1011 2562 1186 2648 ipsos
1232 2564 1701 2627 multitudinem
1725 2564 2042 2645 “inutilem
2088 2584 2123 2627 e
2178 2562 2404 2639 eciffe3
2467 2560 2605 2625 fibi

612 2647 729 2707 -vel
760 2645 843 2706 ad
870 2645 1281 2708 inferendum
1320 2646 1584 2729 gradum
1610 2689 1627 2719 ,
1670 2646 1775 2707 vel
1812 2643 1893 2705 ad
1930 2644 2342 2709 ‘referendum
2378 2643 2602 2705 abun-

621 2724 705 2787 de
744 2727 780 2787 Γ
819 2727 966 2799 atii,
1009 2727 1141 2788 illis
1186 2725 1435 2812 angusta
1478 2728 1686 2789 omnia
1732 2742 1797 2789 et
1837 2726 2179 2823 impedita,
2237 2739 2604 2804 cerneret3

621 2750 1134 2891 quofhactenus
1168 2808 1673 2880 detrectaverat,
1730 2809 2048 2893 proehum
2084 2823 2390 2893 appetere
2427 2827 2606 2870 coe-

620 2888 755 2972 pit,
811 2888 1183 2973 hostemque
1229 2891 1554 2953 lacess'ere.
1593 2915 1596 2922 ⁴
1638 2889 2084 2985 Quapropter,
2141 2890 2439 2952 bifariam
2482 2888 2606 2951 di-

619 2969 767 3033 vifis
808 2971 1016 3055 copiis
1041 3014 1057 3045 ,
1103 2971 1341 3035 finistro
1380 2992 1582 3035 cornu
1624 2971 1694 3035 L.
1734 2973 2062 3033 Murenam
2107 2971 2462 3057 praefecit,
2517 2971 2605 3034 in

620 3050 849 3115 dextro
889 3067 1259 3117 curaturus:
1314 3053 1707 3116 novistimam
1746 3053 1949 3114 aciem
1989 3074 2133 3117 cum
2168 3051 2607 3117 subsidiariis

620 3131 999 3196 cohortibus
1034 3135 1363 3223 Sulpicius
1399 3149 1465 3198 et
1501 3135 1888 3197 Hortensius
1926 3136 2124 3219 legati
2162 3134 2556 3197 obtinebant
2578 3176 2605 3210 ,

618 3213 707 3277 ita
742 3216 1086 3300 dispositi,
1146 3230 1216 3278 ut
1257 3216 1790 3280 circumventuris
1832 3216 2034 3279 aciem
2069 3220 2415 3280 Romanam
2459 3215 2607 3278 ho-

611 3293 805 3360 stibus
850 3317 922 3359 se
963 3296 1343 3379 objicerent.
1409 3296 1481 3358 id
1526 3297 1698 3360 enim
1750 3295 1833 3358 ob
1886 3319 2224 3364 numerum
2269 3297 2608 3360 barbaro-

613 3399 755 3448 rum
776 3393 799 3452 ‚'
842 3393 922 3446 ,et
974 3381 1145 3463 quia·
1175 3380 1462 3464 equitum
1512 3379 1807 3462 levisque
1860 3394 2214 3443 armaturae
2256 3376 2610 3463 copiosam

610 3478 866 3522 manum
896 3458 1319 3535 ostentabant,
1371 3461 1658 3524 futurum
1695 3458 1981 3523 rebatur.

281 3578 567 3646 Regem»
734 3568 874 3630 ΧΠ.
918 3561 1177 3634 Ericius
1213 3590 1356 3642 cum
1382 3566 1814 3631 Homolo'icho
1855 3578 1921 3628 et
1945 3564 2335 3652 Anaxidamo
2365 3566 2606 3631 Chae-

252 3649 420 3701 *Μ
465 3649 592 3731 θερί·
614 3649 1007 3713 ronensibus
1032 3691 1049 3723 ,
1112 3666 1184 3714 ut
1229 3650 1483 3712 occulto
1525 3648 1686 3709 calle
1726 3648 1793 3709 in
1827 3647 2145 3709 Thurium
2189 3648 2553 3713 evaderent
2578 3693 2610 3728 ,

259 3714 470 3768 ‘'nn''
503 3733 564 3784 ‘'⁸-
616 3732 871 3805 miss'us,
951 3729 1221 3796 ducibus
1274 3732 1406 3795 illis
1464 3752 1541 3794 ex
1594 3728 1946 3814 improviso
1998 3749 2071 3791 re
2119 3730 2219 3793 ios
2269 3723 2607 3826 perculit.

265 3778 479 3841 mn*
617 3814 852 3875 Totum
887 3815 1060 3876 enim
1087 3816 1517 3876 Romanorum
1549 3811 1901 3874 exercitum
1931 3809 2048 3888 ade‘
2104 3832 2140 3875 e
2172 3825 2295 3875 rati
2326 3832 2447 3896 per
2475 3811 2614 3874 in-

613 3894 720 3958 via
761 3894 1104 3980 praecipiti
1145 3895 1380 3959 timore
1416 3893 1827 3969 ferebantur,
1889 3892 2155 3980 suisque
2201 3894 2332 3981 ipsi
2375 3895 2604 3960 armi-

682 4079 827 4157 Cap.
856 4080 954 4141 lx.
974 4081 1241 4162 ,Appiam
1276 4031 1460 4140 Plut-
1498 4080 1644 4156 Cap.
1679 4033 1779 4141 xl,
1823 4079 2080 4155 Appiam
2112 4078 2272 4139 Plute
2297 4103 2311 4117 =

1993 4314 2003 4351 l
