2717 4667
555 233 566 240 .
605 179 698 243 m
727 173 1034 242 Loctm
1078 177 1243 239 Lm.
1288 176 1455 242 xc1.
1498 177 1728 247 mvn.
1872 273 1878 282 ἱ
2042 177 2195 262 “289-

164 406 320 478 prae
356 384 616 470 pudore
647 386 1016 448 Lauronem
1047 384 1404 448 sustineret
1434 341 1836 469 relinquere,
1878 405 2159 470 pereun·
2219 385 2500 464 mmm.

166 473 322 532 tium
369 469 706 530 sociorum
750 479 1080 549 spectator
1126 465 1371 528 otiosus
1417 465 1704 530 sedebat.
2216 457 2289 512 A·
2323 458 2499 529 Gan·

281 573 487 639 xvn.
548 573 720 633 Dum
760 572 849 633 ita
885 571 1099 635 vicina
1139 569 1359 633 castris
1401 569 1594 633 castra
1636 571 1765 633 duo
1806 572 2154 656 impe-rato-
2205 574 2437 631 San-rei
2450 594 2550 634 ua·

166 676 270 718 res
304 653 586 726 habent,
632 653 967 717 Sertorius
1000 654 1194 715 talem
1230 654 1449 715 dolum
1488 652 1910 715 machinatur.
1973 656 2156 717 Duae
2169 646 2529 712 summm·-

168 736 605 798 tantummodo
659 736 968 819 regiones
1017 750 1236 808 erant,
1298 736 1649 819 exquibus
1685 734 1821 818 peti
1854 735 2159 819 pabulum
2234 759 2243 768 ’

168 820 405 903 poss'et,
453 841 578 880 una
613 819 682 877 in
718 815 1091 902 propinquo
1114 859 1130 891 ‚
1174 819 1377 880 altera
1413 816 1671 909 longius
1711 818 1852 878 sita.
1931 819 2158 880 Serto:

169 901 300 958 rius
335 899 724 959 ulteriorem
759 897 836 955 ab
874 902 1133 958 armatis
1169 898 1337 957 adiri
1374 909 1616 958 vetmtt
1679 896 1961 957 citimam
2006 900 2158 960 sub-

166 976 312 1039 inde
350 999 479 1063 per
515 978 731 1039 levem
765 989 1148 1037 armaturam
1179 977 1354 1056 juss'it
1387 975 1695 1040 infestari.
1785 977 1894 1039 Sic
1930 978 2009 1040 ad
2044 999 2155 1041 ex-

69 1123 75 1130 ,
163 1072 440 1120 tremum
478 1056 644 1120 fides
688 1057 985 1121 adversis
1028 1058 1322 1142 partibus
1357 1057 1562 1140 facta,
1624 1056 1932 1121 tutiorem
1982 1061 2149 1137 effe,

161 1161 328 1223 quae,
358 1154 503 1203 erat
535 1142 881 1202 remotior:
925 1155 1326 1224 magnusque
1352 1159 1434 1203 eo
1455 1140 2000 1224 Pompejanorum
2030 1165 2151 1206 nn.

154 1243 375 1285 merus
417 1221 787 1308 pabulatum
821 1221 1161 1307 profectus
1199 1220 1304 1289 est.

269 1329 509 1393 XVIII.
568 1329 692 1392 His
732 1350 768 1391 a
809 1330 1110 1392 Sertorio
1162 1328 1462 1413 triplices
1514 1326 1795 1392 insidiae
1834 1348 1958 1425 per
1998 1327 2143 1392 ido·-
2203 1324 2328 1381 Pom
2366 1332 2508 1400 eim-3

150 1429 311 1473 neos
364 1410 564 1472 saltus
613 1426 981 1495 ponuntur,
1040 1410 1239 1473 mimz
1291 1411 1569 1474 Octavio
1618 1414 1945 1475 Graecino
1996 1399 2311 1479 cumflb?
2341 1410 2525 1454 “⁰⁹⁹⁸

152 1491 385 1554 decem
429 1491 840 1568 cohortibus,
886 1493 956 1554 in
994 1512 1243 1554 morem
1270 1494 1708 1555 Romanorum
1745 1494 2028 1571 armatis,
2074 1509 2143 1558 et
2167 1467 2537 1535 ‘⁸⁶''3⁸”‘“'·

147 1573 427 1636 totidem
460 1575 625 1637 levis
663 1589 1018 1637 armaturae
1043 1575 1376 1659 Hispanis,
1418 1576 1890 1659 Tarquitioque
1912 1576 2139 1640 Prisco

149 1674 293 1717 cum
351 1654 608 1719 duobus
658 1657 947 1719 millibus
993 1656 1302 1740 equitum.
1388 1657 1492 1719 Illi
1530 1654 1783 1721 strenue
1825 1656 2138 1741 imperata

146 1735 430 1799 faciunt:
486 1740 943 1823 explorataque
988 1739 1282 1800 locorum
1317 1752 1578 1812 natura,
1623 1738 1694 1800 in
1730 1738 1941 1802 vicina
1974 1741 2147 1803 silva·

143 1818 517 1902 praedictas
566 1822 786 1916 copias
837 1833 1034 1883 noctu
1087 1815 1524 1893 abscondunt,
1583 1819 1672 1883 ita
1712 1835 1781 1883 ut
1818 1821 1884 1883 in
1926 1822 2137 1905 prima

143 1915 334 1984 parte
371 1901 556 1963 leves
586 1903 952 1985 Hispanos,
1013 1914 1274 1984 gentem
1321 1901 1405 1964 ad
1448 1901 1623 1965 furta
1666 1903 1824 1965 belli
1865 1904 2135 1988 perido-

142 2003 368 2056 neam,
430 1987 754 2068 ponerent
775 2004 796 2062 3
858 1984 1074 2067 paullo
1113 1983 1392 2048 interius
1432 1998 1752 2063 scutatos3
1809 1985 1880 2046 in
1917 2006 2134 2048 remo-

79 2075 84 2080 “
141 2064 382 2126 tiss'imo
418 2066 710 2149 equites,
769 2087 853 2129 ne
889 2065 1158 2127 fremitu
1194 2085 1514 2150 equorum
1550 2063 1853 2129 destinata
1936 2068 2133 2130 rocle-

138 2160 392 2208 rentur.
484 2147 795 2231 quievere
846 2168 1071 2210 omnes
1093 2188 1111 2220 ,
1177 2148 1443 2210 silentio
1493 2161 1751 2211 servato
1796 2148 1868 2210 in
1953 2168 2135 2213 oram

137 2228 401 2289 tertiam
431 2227 589 2290 diei.
647 2228 879 2372 guum
913 2229 1152 2294 deinde
1178 2229 1597 2313 Pompeiani,
1649 2230 1866 2293 securi
1903 2249 2131 2313 grava-

135 2308 320 2394 tique
363 2310 636 2406 pabulo,
728 2332 765 2373 e
799 2312 1016 2374 reditu
1050 2311 1435 2394 cogitarent,
1483 2325 1551 2374 et
1585 2311 1654 2372 hi
1691 2315 2130 2456 quoque,offixi

133 2391 200 2451 in
237 2389 515 2455 statione
553 2392 845 2470 fuerant,
897 2395 1132 2478 quiete-
1153 2394 1439 2466 invitati,
1487 2392 1567 2455 ad
1686 2393 1906 2455 bulum
1942 2412 1976 2455 c
2077 2395 2128 2447 ⁶-
2183 2415 2190 2423 ·

134 2473 427 2555 gendum
472 2473 951 2539 dilaberenturt
1017 2475 1220 2538 emiffi
1258 2477 1540 2559 primum
1639 2475 1849 2559 ispani
1880 2475 2126 2538 veloci-

132 2568 260 2617 tate
306 2556 546 2639 gentili
586 2558 655 2618 in
695 2560 982 2642 palantes
1025 2555 1478 2630 effunduntur,
1542 2570 1612 2620 et
1663 2557 2128 2621 convulnerant

134 2636 680 2734 confunduntque
720 2639 883 2701 nihil
918 2640 1047 2705 tale
1082 2637 1549 2723 exspectantes.
1631 2637 1827 2700 Prius
1862 2637 2122 2711 deinde,

133 2716 330 2802 quam
376 2718 587 2782 resisti
628 2720 730 2783 his
769 2722 1131 2805 inciperet,
1191 2720 1424 2782 scutati
1463 2732 1806 2804 erumpunt
1843 2740 1880 2782 e
1921 2722 2122 2792 saltu,

134 2800 596 2863 et-redeuntes
637 2802 704 2863 in
744 2803 1037 2866 ordinem
1081 2800 1484 2865 consternant
1524 2815 1930 2886 vertuntque.
1995 2803 2126 2863 Fu-

132 2883 473 2965 gientibus
517 2886 771 2967 equites
808 2886 1102 2956 immiffi,
1166 2897 1307 2946 toto
1348 2904 1430 2946 eo
1475 2886 1722 2969 spatio,
1783 2904 1911 2967 quo
1948 2884 2126 2945 redi-

130 2964 324 3026 batur
386 2964 456 3025 in
508 2964 736 3039 castra,
808 2966 1183 3052 persequuti
1228 2965 1522 3028 caedunt.
1609 2966 1910 3027 Curatum
1962 2985 2125 3052 quo-

132 3067 277 3129 que,
332 3066 418 3107 ne
460 3048 609 3130 quis
644 3047 985 3131 eflugeret.
1050 3069 1193 3110 nam
1230 3047 1555 3130 praemill'i
1588 3068 1711 3131 per-
1744 3048 2125 3130 compendia

127 3127 449 3191 itinerum
487 3128 748 3191 ducenti
783 3131 1242 3216 quinquaginta
1281 3130 1570 3214 equites,
1635 3147 1800 3213 quos
1842 3127 1911 3189 in
1948 3128 2124 3191 huuc

127 3209 309 3280 usum
372 3211 670 3294 opperiri
729 3211 925 3292 duces
983 3213 1324 3295 juss'erant,
1398 3225 1736 3295 antequam
1786 3210 1868 3271 ad
1924 3209 2121 3276 castra

124 3290 431 3388 Pompeii
469 3295 949 3376 perveniretur,
997 3293 1323 3366 conversi,
1372 3304 1799 3364 occurrerunt
1835 3293 1957 3367 eis,
2007 3292 2122 3376 qui

121 3374 329 3455 primi
375 3372 700 3458 fugerant.

240 3482 428 3543 xlx.
473 3480 577 3543 Ad
614 3480 793 3562 cujus
829 3480 931 3542 rei
968 3481 1218 3546 sensum
1246 3481 1561 3567 Pompeio
1601 3480 1985 3544 immittente
2018 3479 2113 3541 le·
2173 3476 2488 3561 ζιοωᾳκζιι.

122 3565 394 3660 gionem
437 3583 583 3625 cum
613 3564 838 3625 Laelio
894 3563 963 3658 in
1013 3564 1409 3662 praesidium
1458 3584 1756 3658 suorum,
1815 3559 2115 3659 subducti
2136 3543 2488 3668 ,ἔὲὦῖςξῗᾰῖῡ

123 3667 184 3717 tn
217 3645 531 3706 dextrum
569 3645 734 3707 latus
771 3667 799 3706 s
852 3663 992 3707 ecte
1028 3646 1395 3712 cedentium
1433 3653 1687 3729 equites
1713 3688 1730 3720 ,
1792 3664 1942 3706 mox
1984 3663 2114 3721 cir-
2248 3689 2257 3698 ι
2358 3647 2406 3700 ,·

41 3785 42 3788 ,
123 3729 370 3788 cumitu
409 3726 738 3808 legionem
773 3749 805 3788 a
856 3749 885 3789 s
925 3739 1113 3823 tergo
1145 3725 1556 3800 infestarunt,
1618 3747 1812 3810 quum
1851 3725 1976 3807 jam
2016 3740 2112 3789 et-

41 3797 44 3842 ’-
125 3808 241 3870 iam
295 3830 333 3870 a
378 3807 606 3888 fronte
649 3809 1047 3883 Sertoriani,
1108 3810 1221 3893 qui
1264 3810 1675 3895 pabulatores
1723 3807 2110 3894 persequuti

43 4023 44 4058 ι
180 3995 272 4051 Ca
326 3980 548 4050 .xv“11.
587 3994 856 4049 Frontin.
895 3983 1161 4076 Strati),
1188 3994 1243 4050 ὅ.
1315 3992 1693 4067 Cap.xV111.
1733 3990 1874 4048 Sall.
1897 3992 2106 4066 Hist.3‚

134 4067 205 4134 ιδ.
301 4063 527 4119 rontin.
599 4063 744 4134 Cap.
775 4061 921 4119 xlx.
959 4062 1214 4135 Appian.
1249 4061 1423 4127 civil.
1461 4062 1511 4120 1.
1537 4082 1583 4119 ι.
1621 4060 1889 4120 Frontin.

217 4147 554 4225 Supplem.
578 4144 709 4207 Liv.
735 4137 907 4207 Toni.
931 4143 1119 4209 XIII·
1260 4196 1266 4202 .
1488 4135 1517 4150 '¹
1625 4135 1693 4205 'I’
1778 4139 1783 4146 ’
1992 4157 2007 4167 “
