2717 4667
886 935 1472 1053 JoHANMS
1552 888 2351 1012 rnmNeHEMu
2444 890 2453 901 ⁸

717 1146 1444 1213 surranum-onum
1476 1153 1959 1214 LIVIANORUM
1993 1155 2216 1213 mmm
2248 1116 2511 1216 nx'vm.

966 1346 1056 1410 IN
1096 1343 1404 1411 LOCUM
1445 1342 1679 1409 LIBRI
1722 1343 1882 1409 cm.
1928 1347 2008 1411 Τ.
2035 1345 2263 1416 LIVII.

1742 1474 1763 1518 ¹
1987 1462 2011 1493 Ι,

274 1607 350 1670 u,
384 1626 439 1669 ο,
577 1646 594 1668 ‚
737 1584 788 1651 I.
847 1590 1322 1658 Turbulentum
1365 1609 1433 1658 et
1462 1606 1756 1657 atrocem
1799 1609 2036 1653 annum
2073 1590 2340 1676 excepit
2372 1591 2455 1654 D.
2488 1590 2586 1655 Ju-

270 1679 350 1736 A.
380 1682 449 1737 C.
524 1700 575 1738 α.
620 1666 716 1730 nii
749 1674 838 1732 M.
870 1672 946 1732 F.
981 1674 1223 1750 Silani,
1266 1679 1343 1739 L.
1380 1675 1626 1738 Licinii
1656 1674 1733 1734 L.
1759 1672 1836 1733 F.
1866 1676 2177 1734 Murenae
2207 1674 2583 1746 consulatus,

294 1752 372 1805 D·
391 1749 593 1834 {Iu-nie,
622 1748 795 1814 sicut
821 1754 1270 1836 periculorum
1306 1757 1603 1854 oppress'a
1636 1753 1868 1836 majori
1896 1767 2081 1837 parte
2111 1753 2339 1829 tutior,
2386 1754 2471 1816 ita
2494 1773 2583 1816 re·

237 1818 308 1874 1⁴·
345 1820 576 1876 1⁴¹0¹¹²¹⁰
617 1831 803 1917 liquo
840 1833 1153 1901 adversus
1189 1840 1531 1901 Catilinam
1564 1837 1769 1910 bello,
1815 1849 1889 1897 et
1925 1834 2360 1918 gliscentibus
2397 1836 2466 1897 in
2491 1857 2583 1897 ut-

233 1889 418 2012 ‘⁰152‘
444 1956 496 2013 η
616 1911 702 1977 be
744 1913 1101 1981 discordiis
1122 1963 1141 1994 ‚
1182 1919 1686 2005 futurorumque
1723 1938 1839 1981 exs
1888 1915 2234 1990 ectatione‚
2273 1915 2451 1980 haud
2482 1916 2584 1978 mi-

238 1975 572 2093 030„,2,‚'‚‘,⁸‚
615 2004 746 2058 nus'
772 1995 1144 2063 laboriosus
1196 2015 1264 2064 et
1306 2001 1539 2063 minax.
1622 2001 1828 2064 Ralen
1874 1999 1932 2061 is
1977 1998 2344 2089 ,Ianum-iis,
2412 2019 2582 2084 quum

237 2094 443 2148 caesar
479 2092 583 2149 oa.
617 2093 916 2141 senatum
945 2082 1103 2144 novi
1141 2084 1448 2145 consules
1487 2083 1976 2155 convocass'ent,
2020 2078 2104 2174 Q.
2142 2080 2450 2143 Metellus
2482 2079 2579 2142 tri·

233 2163 583 2221 cumvexa».
612 2157 824 2222 hunus
914 2162 1080 2227 lehis
1105 2205 1123 2237 ,
1189 2165 1579 2229 Ciceronem
1623 2165 1973 2237 vellicans,
2036 2162 2316 2227 viciss'im
2365 2162 2579 2225 acriter

612 2239 703 2304 est
741 2242 819 2303 ab
861 2184 978 2306 illo
1016 2246 1482 2330 reprehensus.
1581 2248 1669 2309 Et
1707 2248 1781 2309 C.
1802 2234 2052 2308 ”Caesar
2085 2243 2304 2329 primo
2341 2258 2578 2329 praetu-

507 2322 515 2335 '
608 2343 724 2387 rae
770 2324 879 2388 die
915 2325 1000 2421 Q.
1032 2328 1328 2391 Catulum
1361 2329 1444 2392 de
1481 2327 1852 2392 refectione
1890 2326 2197 2411 Capitolii
2231 2326 2315 2388 ad
2352 2325 2579 2411 disqui-

611 2405 922 2470 sitionem
968 2410 1198 2494 populi
1245 2411 1543 2484 vocavit,
1597 2408 2004 2495 promulgata
2048 2407 2433 2492 rogatione,
2476 2427 2581 2492 qua

613 2489 865 2551 curatio
905 2511 979 2553 ea
1019 2491 1090 2555 in
1127 2492 1325 2555 alium
1358 2491 1836 2556 transferretur
1848 2514 1877 2567 ‚¹
1912 2505 1984 2554 ut
2018 2490 2315 2554 Catulum
2342 2491 2579 2554 ¹honore

611 2568 1047 2636 dedicationis
1095 2571 1486 2659 depelleret.

727 2681 806 2740 Π.
868 2678 1024 2743 Sive
1066 2680 1242 2744 enim
1279 2679 1594 2767 quaedam
1635 2678 1879 2756 adhuc,
1919 2694 1993 2743 ut
2027 2699 2108 2741 ex
2137 2689 2321 2741 tanto
2355 2695 2576 2762 opere,

604 2758 992 2844 imperfecta
1029 2760 1376 2835 restabant.
1411 2776 1478 2825 et
1511 2763 1846 2848 depressae
1882 2762 2001 2825 sub
2039 2781 2189 2823 area
2223 2760 2430 2822 cellae
2452 2758 2578 2843 plu·

601 2860 718 2904 :res
774 2842 1055 2927 gradus,
1125 2863 1484 2928 paremque
1539 2842 1793 2928 fastigio
1849 2840 2215 2928 suggestum
2265 2838 2415 2904 fieri
2465 2859 2579 2901 non

599 2938 790 2987 erant
823 2926 1073 3009 paffae,
1120 2926 1261 2988 sive
1300 2925 1429 2989 hoc
1468 2923 1753 3010 fingebat
1785 2929 2062 3004 Caesar3
2106 2923 2177 2985 id
2222 2937 2407 2986 certe
2419 2940 2577 3066 taffe-

598 3003 828 3082 batur,
893 3021 996 3082 ut,
1055 3008 1397 3092 peculatus
1498 3000 1974 3093 raescriptione
2023 3019 2280 3069 remoto
2326 3005 2418 3067 Ca
2510 3023 2575 3074 o,

570 3087 897 3173 Pompeii
932 3110 1173 3152 nomen
1208 3090 1402 3175 operi
1438 3031 1741 3153 ailnoluto
1772 3084 2366 3174 praescriberetur.
2421 3088 2488 3147 In
2516 3103 2579 3148 ea

595 3169 1018 3234 contentione
1059 3185 1190 3234 tam
1225 3171 1701 3235 contumeliose
1739 3172 2045 3235 tractavit
2079 3168 2458 3255 primarium
2491 3166 2576 3229 vi·

581 3271 765 3325 -rum,
813 3265 886 3314 ut
919 3274 1206 3337 purgare
1250 3274 1324 3317 se
1363 3254 1697 3317 volentem
1739 3274 1820 3317 ex
1857 3253 2180 3318 inferiore
2219 3252 2372 3313 loco
2408 3248 2574 3330 juhe-

242 3329 539 3403 Weiss-m
594 3347 700 3396 ret
735 3333 983 3397 dicere.
1070 3336 1204 3399 Sed
1223 3380 1242 3411 ‚
1289 3334 1635 3419 optimates
1653 3379 1672 3409 ‚
1718 3335 1956 3398 relicto
1995 3353 2318 3397 novorum
2355 3351 2571 3394 consu-

214 3402 465 3456 cn‘ffl‘m
483 3402 570 3457 δ’·
594 3414 727 3476 lum
763 3413 992 3479 officio
1014 3459 1032 3492 ‚
1093 3417 1480 3504 frequentes
1518 3419 1864 3480 accurrisse
1903 3416 2135 3481 videns
2172 3413 2252 3476 ad
2285 3410 2572 3477 resisten-

201 3470 461 3541 s'u'm·
595 3495 784 3572 dum,
828 3496 994 3561 hanc
1031 3500 1299 3583 quidem
1336 3499 1661 3562 actionem
1699 3499 2039 3584 deposuitz
2081 3497 2334 3559 Metelli
2362 3494 2570 3590 turlgu-

585 3578 967 3643 lentiss’imas
1010 3581 1302 3645 actiones
1340 3582 1772 3665 pertinaciter
1809 3579 2030 3665 coepit
2059 3577 2441 3650 defendere,
2483 3595 2572 3636 m-

2690 944 2693 1149 ff

2682 1152 2693 1335 Ι

585 3658 780 3725 {imae
816 3661 997 3744 plebi
1039 3676 1247 3727 totum
1295 3685 1369 3727 se
1408 3662 1780 3748 adplicata,
1842 3684 2005 3748 quae
2042 3663 2155 3725 re‘s
2191 3669 2435 3724 novare
2470 3675 2570 3719 cu-
2686 3716 2687 3719 ,

583 3743 920 3827 pientibus
970 3744 1045 3806 in
1091 3748 1268 3809 omni
1312 3766 1544 3831 magna
1581 3744 1848 3812 civitate
1887 3743 2298 3831 paratissima
2325 3757 2571 3825 semper

581 3827 891 3889 materies
928 3824 1084 3890 fuit.

586 3952 788 3979 -—*-

656 4013 801 4086 Cap.
826 4015 879 4071 1.
917 4013 1041 4071 Cic.
1065 4014 1141 4070 ad
1155 4018 1322 4081 Fam.
1344 4016 1401 4085 ὅ,
1428 4033 1481 4071 a.
1521 4014 1767 4073 Sueten.
1805 4013 1977 4071 Caes.
2006 4031 2060 4068 e.
2089 4014 2175 4073 ιδ.
2203 4025 2263 4069 et
2278 4011 2415 4079 Dio,
2431 4010 2471 4065 1.
2488 4009 2567 4075 37.

579 4080 726 4154 Cap.
763 4084 840 4137 11.
894 4083 946 4138 J.
977 4084 1159 4154 Ryck.
1195 4087 1521 4142 comment.
1555 4085 1630 4140 de
1658 4082 1934 4166 Capitol.
1967 4085 2142 4143 Rom.
2177 4082 2316 4142 Dio.
2350 4079 2471 4140 Cic.
2498 4073 2564 4135 ad

573 4150 702 4208 Att.
734 4169 789 4223 a,
824 4154 910 4224 ²4·
946 4154 1190 4211 Sueten.
1228 4156 1385 4214 Plut.
1427 4156 1557 4216 Cat.
1592 4157 1737 4214 Mm-
1785 4218 1791 4223 ,
