2717 4667
465 235 470 241 ’
567 264 659 328 m
707 260 1002 327 Locum
1036 261 1771 362 L1s.xcv11.r.1v11.·
2058 260 2181 325 385

27 445 28 486 3
121 500 130 506 ,
181 473 365 554 multi
419 439 753 556 quoslibet
795 473 1066 557 angulos
1105 491 1251 533 cum
1288 470 1540 533 facibus
1577 463 2046 554 perscrutando
2079 470 2178 531 ul·
2238 462 2530 520 U.c.682.

162 567 288 613 ⁴tro
336 555 817 617 succenderent
861 554 1057 617 aedes
1078 596 1108 626 ,-
1151 556 1619 638 ingentemque
1654 553 1720 613 in
1750 552 1922 613 ‘urbe
1959 552 2178 634 paullo
2239 534 2314 588 A·
2341 529 2409 590 C·
2437 551 2530 604 7⁰»

182 648 328 696 ante
371 637 889 721 frequentissima
937 634 1291 699 vastitatem
1336 634 1652 697 facerent.
1753 635 2010 697 Idcirco
2044 654 2179 717 po-

182 714 405 779 stridie
454 719 775 802 ingress'us
823 717 1050 781 urbem
1082 716 1396 780 Lucullus
1438 735 1570 778 non
1611 718 1822 779 tenuit
1860 717 2183 789 lacrimas,
2220 753 2225 760 ·

184 798 482 883 dixitque
522 800 746 861 amicis
767 840 785 873 ,
830 801 990 882 saepe
1009 797 1120 881 fibi
1142 801 1438 881 fortunam
1469 798 1655 859 Sullae
1686 798 2064 860 admirabilem
2094 805 2188 860 vi-

173 880 289 963 sam
311 915 331 953 ,
378 905 437 941 eo
457 886 702 941 maxime
733 881 880 963 quod
908 883 1151 942 Athenas
1216 900 1441 955 ervare,
1484 900 1650 966 quum
1683 879 1873 954 vellet,
1916 884 2183 962 potuerit.

172 961 235 1044 J}
254 1005 271 1036 ,
331 979 524 1043 parem
557 963 794 1046 gloriam
836 982 1025 1046 magno
1050 963 1105 1042 st
1186 967 1238 1023 io
1274 979 1642 1044 expetentem,
1694 964 1770 1025 ad
1807 964 1878 1024 L.
1917 962 2187 1023 Mummii
2422 965 2440 998 ·

172 1044 385 1126 fhrtem
434 1046 704 1119 detrudi,
744 1061 833 1104 *ut
872 1044 1090 1127 eversor
1128 1048 1311 1126 potius
1350 1062 1665 1127 magnarum
1703 1044 1923 1105 urbium
1940 1085 1958 1118 ,
2025 1041 2188 1123 quam

173 1124 474 1208 servawr,
531 1127 900 1206 praedicetur.
999 1128 1183 1189 Bona
1238 1139 1454 1189 tamen
1510 1147 1664 1210 pars
1712 1125 1898 1188 urbis
1958 1145 2072 1189 ere
2120 1139 2188 1187 ta

184 1205 464 1270 fiammis
497 1195 874 1292 est‘pluv’iae
906 1207 1345 1281 miseratione,
1379 1228 1543 1350 quae
1575 1223 1981 1296 opportunae
2001 1228 2086 1271 ve
2114 1220 2189 1270 ut

188 1308 267 1351 ex
314 1289 618 1352 machina
660 1289 987 1374 prorupit.
1072 1292 1157 1352 Et
1197 1291 1401 1351 Lucul
1431 1312 1541 1362 us,
1604 1291 1980 1375 priusquam
2029 1289 2187 1351 inde

189 1371 594 1452 discederet,
654 1391 918 1455 operam
958 1370 1174 1442 dedit,
1238 1386 1312 1433 ut
1356 1374 1541 1456 plera
1589 1392 1673 1434 ue
1725 1387 2034 1471 corrupta
2078 1392 2190 1434 re-

186 1452 642 1516 stituerenturt
703 1453 1050 1538 edictoque
1098 1452 1368 1536 collegit
1405 1392 1779 1528 Amiienos,
1840 1476 1954 1538 qui
1996 1476 2033 1517 e
2117 1475 2187 1515 a·

188 1538 313 1598 tria
358 1536 831 1619 profugerant,
893 1537 1216 1619 novisque
1274 1535 1528 1597 colonis
1575 1536 1882 1610 Graecis,
1944 1535 2059 1621 qui
2107 1557 2187 1596 us

189 1618 281 1678 ibi
326 1616 624 1679 habitare
667 1616 999 1701 placebat,
1057 1630 1321 1690 auctos,
1384 1638 1543 1701 agro
1581 1617 2190 1702 quindecim‘milli-

192 1721 295 1760 um
347 1699 639 1783 pass'uum
702 1700 851 1761 urbi
905 1697 1159 1778 adjecto
1212 1699 1675 1784 locupletavitg
1716 1699 2192 1783 *Alexandrum

196 1781 434 1842 imitari
479 1779 772 1854 studens,
833 1781 945 1866 qui
983 1780 1276 1843 eamdem
1316 1780 1588 1855 urbem,
1654 1803 1850 1866 quum
1892 1780 2189 1845 Persicis

199 1863 464 1946 regibus
499 1875 838 1948 parentem
871 1863 1253 1937 invenisset,
1297 1862 1714 1927 liberaverat.
2210 1887 2217 1892 ·

315 1946 543 2006 XLIX.
590 1945 872 2006 Amisum
904 1943 1337 2007 Athenienses
1367 1944 1820 2021 condiderant,
1864 1964 1994 2031 quo
2024 1959 2188 2008 tem·
2246 1941 2565 2025 *juvissem-

240 2046 357 2089 ore
393 2028 695 2089 clastibus
736 2025 958 2099 validi,
1006 2047 1138 2087 non
1218 2026 1468 2088 roxima
1505 2040 1773 2101 tantum,
1820 2028 1939 2090 sed
1971 2041 2039 2090 et
2065 2028 2191 2109 jam
2208 2009 2441 2065 “mn‘’

218 2109 457 2193 ongius
505 2113 627 2171 sita
663 2108 864 2170 maria
949 2126 1181 2192 ervaga
1231 2121 1442 2170 antur.
1488 2129 1703 2193 eoque
1735 2131 1948 2195 nuper
1979 2109 2190 2183 multi,

189 2204 258 2251 ut
298 2190 709 2272 tyrannidem
744 2189 864 2252 Ari
915 2191 1087 2252 ionis
1127 2189 1468 2273 fugerent,
1530 2192 1708 2255 velut
1747 2193 1816 2253 in
1856 2191 2043 2253 aliam
2079 2212 2195 2275 pa-

189 2273 421 2346 triam,
487 2272 963 2335 concess'erant:
1035 2271 1287 2355 ignari,
1351 2272 1586 2335 eodem
1638 2294 1938 2358 quoque,
2004 2292 2196 2357 quam

188 2356 604 2426 metuebant,
659 2354 819 2417 belli
850 2367 1315 2439 perventuram
1353 2352 1788 2439 tempestatem
1823 2356 1976 2417 ess'e.
2062 2350 2198 2416 Sed

186 2435 341 2498 illos
375 2438 689 2500 Lucullus
724 2434 988 2500 honeste
1024 2432 1322 2509 vestitos,
1368 2436 1641 2499 ducenis
1674 2433 2045 2499 distributis
2077 2434 2194 2497 de-

187 2517 431 2593 nariis,
477 2520 545 2581 in
579 2518 853 2604 patriam
882 2518 1164 2580 remisit.
2050 2541 2067 2560 ⁸

313 2603 396 2661 L.
444 2604 630 2662 Tunc
674 2600 866 2664 etiam
906 2600 1083 2663 inter
1127 2597 1420 2684 captivos
1448 2603 1774 2682 Tyrannio
1809 2598 1969 2675 fuit,
2017 2596 2192 2661 cele·
2260 2594 2529 2678 Tyraffssffl

186 2680 471 2745 berrimi
513 2683 796 2745 nominis
840 2682 1336 2745 Grammaticus.
1409 2702 1557 2745 eum
1601 2683 1911 2745 Lucullus
1962 2681 2140 2767 genti
2171 2668 2441 2741 i‘'¹‘⁶'¹⁸
2516 2734 2529 2745 .

193 2784 311 2825 suo
347 2768 700 2838 Murenae,
742 2766 1098 2849 praecipuo
1129 2765 1520 2847 legatorum,
1565 2785 1642 2827 ro
1691 2769 2065 2827 atus‘conce
2119 2776 2192 2825 it.
2217 2734 2551 2857 gammas*

188 2845 346 2920 lllc,
418 2846 810 2931 magnanimi
867 2845 1345 2930 doctiss'imique
1406 2860 1473 2909 ct
1525 2846 1611 2908 ob
1713 2868 1794 2922 oc
1828 2848 2198 2910 >doctorum
2316 2837 2334 2854 ⁶

190 2925 464 2991 studiosi
499 2930 584 2991 im
631 2929 912 2991 cratoris
941 2948 1210 2994 munere
1235 2946 1552 3012 perquam
1582 2929 1997 2992 illiberaliter
2019 2926 2194 3001 usus,

191 3012 569 3075 manumisit
649 3009 967 3084 ominem,
1013 3024 1083 3071 ut
1122 3009 1199 3071 ab
1236 3028 1318 3071 eo
1357 3011 1692 3073 commoda
1715 3056 1730 3083 ,
1779 3032 1944 3096 quae
1979 3024 2201 3096 patro·

115 3157 128 3164 ,
192 3094 296 3153 nis
335 3093 574 3158 liberti
618 3089 969 3178 praestant,
1034 3091 1538 3176 adipisceretur,
1623 3093 1770 3155 Alia
1811 3112 2073 3178 quoque
2111 3092 2205 3158 sie

192 3175 374 3237 milia
407 3176 609 3236 multa
643 3174 817 3236 idem
846 3163 1117 3235 Mniena
1155 3172 1298 3235 desi
1392 3174 1560 3249 avit,
1618 3175 1796 3237 bello
1838 3195 1970 3237 non
2014 3194 2206 3259 sper-

195 3257 494 3331 nendus,
557 3257 688 3321 vita
735 3255 1163 3341 moribusque
1207 3193 1477 3317 miffi‘u'm
1524 3256 1603 3319 ab
1640 3257 2058 3342 imperatoris
2100 3253 2206 3317 sui

193 3339 542 3401 nobilitate
589 3337 807 3400 disere
857 3358 995 3401 ans.
1079 3336 1303 3400 Rebus
1341 3337 1553 3400 Amisi
1599 3360 1678 3401 ex
1713 3340 2051 3423 praesenti
2090 3358 2206 3399 co·

196 3420 305 3504 pia
356 3418 757 3493 constitutis,
847 3420 1130 3483 'ucullus
1172 3419 1243 3480 in
1277 3420 1502 3481 Asiam
1550 3420 1964 3483 hibernatum
2006 3420 2201 3491 abiit,
2258 3487 2269 3492 ,

196 3516 268 3564 ut
298 3502 677 3565 civitatibus
712 3501 870 3575 illis,
914 3502 1035 3564 sub
1068 3501 1246 3563 aeris
1274 3500 1473 3563 alieni
1506 3502 1800 3586 pondere
1833 3502 2205 3586 graviffime

200 3584 672 3658 anhelantibus,
720 3596 1159 3646 succurreret.
1224 3584 1482 3645 Interea
1514 3583 1693 3645 misit
1727 3584 1806 3646 ab
1830 3585 2204 3667 Tigranem,

199 3666 645 3729 Mithridatem
673 3663 818 3727 ‘sibi
856 3664 1009 3727 dedi
1040 3662 1391 3750 postulans.
1457 3668 1616 3727 Eam
1654 3665 2205 3763 legationemAp.

205 3747 513 3811 Claudius
549 3747 740 3821 obiit,
788 3748 901 3831 qui
933 3746 1123 3809 uxori
1157 3743 1574 3831 imperatoris
1602 3747 1830 3811 frater.
1877 3761 1943 3810 et
1974 3747 2206 3811 liberis

209 3828 344 3907 ejus
381 3831 739 3893 avunculus
779 3843 940 3890 erat.

277 3989 419 4062 Cap.
441 3956 703 4044 XLVIII.
742 3981 1043 4064 Memnon.
1079 3984 1236 4042 Plut.
1279 3980 1540 4062 Appian.
1574 3971 1952 4072 ‚eap.‚x“L1x.
1979 3990 2205 4046 Meurs.

215 4053 283 4107 dc
311 4060 473 4112 Fort.
513 4058 728 4111 Athen.
768 4077 820 4115 c.
850 4061 905 4112 6.
951 4056 1106 4111 Plut.
1182 4056 1329 4129 Cap.
1367 4060 1432 4112 L.
1488 4057 1698 4115 Surdas
1735 4077 1794 4113 m
1835 4061 2208 4130 Τυραννίων.

145 4183 154 4190 ,
221 4123 451 4191 Strabo,
470 4127 514 4182 1.
540 4146 624 4183 η.
641 4128 832 4198 p.548.
852 4126 1016 4180 Plut.
1035 4126 1330 4178 Memnon.
1352 4128 1506 4184 Plut.
1529 4126 1669 4184 Sall.
1685 4127 1824 4185 nist.
1844 4132 1894 4200 5,
1918 4151 1965 4188 ι.
1987 4140 2046 4185 et
2064 4146 2225 4214 1,2o..

919 4219 1531 4248 m

315 4237 636 4336 ειιρριιηι.
662 4262 793 4321 aiv.
819 4243 989 4322 rom}
1015 4263 1207 4323 xm.
1706 4255 1765 4324 Β
1791 4249 1842 4323 b
