2717 4667
598 195 705 331 «μ’»
750 249 1309 317 Fnssmsnnnu
1337 181 2161 314 StfPPLEMEN'roRUM
2176 242 2324 311 Lm.
2349 237 2569 306 me.
2648 272 2658 287 .

633 371 1559 408 ——ae--l—m-—ffi

400 471 450 508 ὓ·
478 455 601 529 664·
643 471 713 528 et
757 460 836 522 ab
878 458 1057 523 hoste
1095 471 1273 526 tutos
1314 456 1562 531 virtus,
1621 469 1689 520 et
1728 454 1897 542 apud
1933 457 2246 542 populum
2284 457 2645 519 Romanum

341 522 557 586 ‘0⁹33’
646 541 814 609 fides
893 561 1083 610 earos
1138 540 1623 625 honoratosque
1701 536 2038 626 praestitit.
2143 543 2300 603 Nam
2358 537 2641 610 Rhodii,

643 624 990 690 moenibus
1039 622 1487 707 portubusque
1545 620 1995 694 communitis,
2082 619 2408 684 machinas
2472 617 2640 681 locis

640 705 1036 794 opportunis
1090 701 1475 790 frequentes
1532 711 2016 787 opposuerunt,
2096 723 2131 764 a
2171 701 2638 765 Telmissensi-

636 788 760 852 bus
818 785 1200 871 quibusdam
1261 800 1326 851 et
1374 784 1592 866 Lyciis
1639 781 1860 864 adjuti.
1944 787 2379 848 Romanorum
2439 783 2641 847 etiam
2695 825 2696 830 κ

642 869 960 942 omnium,
1030 869 1143 952 qui
1179 868 1387 932 vitare
1423 866 1877 932 crudelitatem
1919 865 2357 930 Asiaticorum
2400 875 2640 951 potue-

635 966 828 1026 runt,
888 951 1193 1034 interque
1242 969 1356 1014 eos
1398 950 1476 1014 L.
1511 948 1736 1024 Canii,
1802 947 1917 1036 qui
1962 949 2320 1036 proconsul
2353 962 2496 1014 erat
2539 949 2639 1011 A.

639 1032 776 1098 siae
801 1075 819 1110 ,
865 1046 1170 1121 receptus
1210 1030 1358 1095 fuit.

298 1156 604 1214 Mithrtda-
661 1210 664 1214 ,
758 1140 961 1204 XVII.
1022 1138 1115 1205 At
1164 1137 1612 1225 Mithridates,
1668 1129 2063 1216 instituta‘in
2113 1137 2314 1203 Coum
2368 1137 2639 1225 naviga..

243 1241 320 1281 m
350 1229 407 1280 in
426 1229 591 1284 Coum
634 1221 860 1294 tione,
921 1234 1223 1310 prompte
1249 1235 1613 1306 -susceptus
1658 1219 1735 1284 ab
1781 1216 2165 1304 oppidanis,
2237 1221 2637 1302 Alexandri,

242 1297 495 1372 ”avign-
631 1304 744 1391 qui
767 1324 996 1391 nuper
1031 1302 1098 1366 in
1137 1287 1434 1389 Aegypto
1469 1313 1890 1386 regnaverat,
1937 1297 2141 1363 filium
2177 1300 2476 1380 abduxit,
2521 1328 2639 1369 re-

628 1385 871 1472 gioque
951 1404 1169 1449 secum
1217 1385 1394 1448 cultu
1427 1384 1673 1447 habuit.
1760 1380 1895 1447 Sed
1933 1402 2013 1443 ex
2058 1381 2418 1461 thesauris,
2466 1409 2639 1476 quos

625 1467 877 1534 ibidem
921 1468 1064 1533 avia
1094 1468 1288 1555 pueri
1338 1467 1680 1551 Cleopatra
1719 1477 2066 1549 posuerat,
2109 1485 2371 1549 magnas
2421 1490 2587 1557 opes
2616 1518 2636 1549 ,

625 1548 1070 1636 mundumque
1108 1548 1530 1622 muliebrem,
1578 1562 1644 1611 et
1681 1547 1806 1616 alia
1853 1545 2098 1632 lapillis
2141 1561 2249 1610 aut
2291 1564 2430 1612 arte
2522 1575 2638 1619 re..

624 1630 838 1705 tiosa,
887 1634 1304 1716 signataeque
1356 1631 1842 1715 pecuniae-vim
1876 1628 2152 1723 ,minime
2199 1651 2483 1716 spernen‘
2533 1660 2643 1704 am

625 1712 697 1778 in
767 1715 1044 1782 Pontum
1106 1714 1368 1778 mittere
1426 1731 1559 1778 non
1616 1710 1703 1779 est
1760 1710 2022 1776 oblitus.
2104 1714 2383 1797 Reperit,
2434 1718 2644 1790 etiam

626 1793 874 1860 ibidem
932 1789 1216 1890 pretium
1274 1796 1665 1860 talentorum
1713 1793 2236 1875 octingentorum
2288 1795 2358 1859 in
2432 1819 2635 1877 auro,

629 1877 807 1964 quod
842 1876 1118 1942 Asiatici
1153 1876 1388 1942 Judaei
1413 1919 1430 1950 ,
1476 1890 1545 1942 ut
1589 1874 2107 1954 Hierosolymam
2148 1893 2638 1963 exportaretur,

629 1958 1067 2042 collegerant3
1149 1958 1389 2024 deinde
1415 2001 1433 2032 ,
1509 1958 1661 2041 quia
1714 1956 2158 2023 Mithridatem
2211 1963 2591 2030 metuebant
2617 2001 2639 2045 ,

631 2039 802 2129 apud
843 2042 1051 2116 Coos,
1096 2054 1417 2127 tamquam
1452 2040 1761 2108 tutiffimo
1795 2041 1980 2114 loco,
2026 2039 2486 2126 deposuerant.

358 2137 600 2221 Rhodum
756 2147 983 2214 XVIII.
1030 2149 1227 2213 Omni
1276 2149 1653 2213 continente
1703 2145 1924 2220 Afiae,
1983 2146 2348 2234 insulisque
2393 2151 2459 2217 in
2507 2177 2642 2242 po..

274 2209 494 2270 ’ΝΜ
564 2291 570 2300 ,
631 2224 920 2294 testatem
960 2230 1281 2304 redactis,
1329 2252 1527 2312 quum
1578 2228 1715 2292 sola
1753 2228 2023 2293 Rhodus
2057 2229 2423 2307 resisteret,
2468 2241 2642 2305 totis

634 2301 890 2374 viribus
953 2312 1022 2378 in
1082 2313 1631 2404 oppugnationem
1691 2311 1831 2392 ejus
1886 2310 2069 2376 urbis
2121 2333 2238 2375 rex
2310 2314 2639 2387 incubuit.

634 2393 774 2458 Jam
811 2407 971 2458 ‚ante
1009 2395 1233 2492 plures
1285 2396 1355 2455 in
1397 2393 1568 2458 hunc
1600 2415 1788 2460 usum
1823 2414 2021 2456 naves
2060 2389 2467 2466 fabricandas
2516 2424 2643 2470 cu-

634 2489 914 2540 raverat.
958 2477 1064 2539 lus
1108 2476 1465 2561 perfectis,
1512 2497 1660 2540 oum
1696 2475 1948 2558 ingenti
1989 2475 2177 2539 class'e
2209 2478 2308 2540 'ad
2352 2480 2643 2552 insulam

635 2568 739 2617 est
788 2556 1119 2623 advectus,
1205 2559 1448 2624 Rhodii
1497 2557 1773 2631 dirutis,
1830 2577 1916 2621 ne
1966 2557 2414 2645 qua-hostibus
2447 2567 2641 2648 adju..

633 2652 852 2704 mento
901 2640 1157 2714 forent,
1233 2640 1598 2713 suburbiis,
1662 2660 1807 2702 suas
1865 2657 2126 2726 quoque
2167 2663 2365 2707 naves
2396 2648 2640 2714 instru-

633 2734 900 2793 xerunt,
986 2723 1075 2788 ita
1126 2723 1402 2786 formata
1452 2722 1631 2794 acie,
1700 2735 1772 2786 ut
1817 2722 1979 2785 aliae
2043 2739 2218 2787 reeta
2269 2725 2334 2789 in
2385 2730 2645 2798 hostem

635 2799 969 2884 ferrentur
993 2847 1010 2878 ,
1065 2804 1227 2872 aliae
1265 2829 1305 2866 a
1332 2805 1648 2868 lateribus
1681 2803 1977 2868 facerent
2019 2801 2348 2890 impetum.

272 2889 471 2958 Pugna
502 2908 602 2949 na·
761 2885 933 2952 xlx.
980 2887 1114 2953 Sed
1156 2885 1608 2963 Mithridates,
1655 2906 1799 2950 oum
1843 2885 2295 2970 quinqueremi
2343 2915 2453 2957 sua
2494 2894 2644 2957 cir..

241 2961 409 3016 vali-⁹·
635 2983 1007 3032 eumvectus
1034 3013 1052 3042 ,
1113 2970 1558 3058 praecipiebat
1600 2968 1769 3039 suis,
1841 2980 1912 3030 ut
1947 2967 2016 3027 in
2068 2965 2263 3032 altum
2306 2976 2645 3040 receden-

631 3061 735 3112 tes
802 3050 1267 3150 producerent·
1313 3073 1519 3117 cornu
1543 3098 1561 3127 ‚
1650 3049 1982 3132 celerique
2047 3048 2287 3115 deinde
2344 3060 2647 3143 remigio

683 3149 979 3196 auctores
1017 3135 1427 3200 Rhodiorum
1464 3149 1659 3201 naves
1692 3132 2162 3196 circumventas
2193 3134 2643 3209 includerent.

668 3210 747 3286 d,
807 3214 1184 3300 priusquam
1259 3214 1483 3290 fieret,
1548 3216 1868 3313 suspicata
1943 3213 2149 3278 claffis
2214 3218 2649 3286 Rhodiorum

638 3296 878 3359 sensim
916 3316 952 3358 e
998 3299 1257 3386 proelio
1315 3320 1387 3364 se
1446 3311 1738 3396 recepit:
1804 3315 1990 3368 mox,
2050 3301 2351 3383 expansis
2413 3305 2645 3380 velis,

626 3376 876 3460 refugit
943 3381 1040 3459 in*
1077 3394 1360 3464 portum.
1443 3385 1759 3446 Ponticos
1835 3377 2146 3441 celeriter
2203 3382 2649 3469 insequentes

633 3460 933 3556 opposita
964 3461 1228 3525 claustra
1264 3463 1748 3548 prohibuerunt.
1773 3461 2095 3543 ingress‘ue
2141 3462 2329 3526 simul
2370 3488 2405 3532 a
2441 3487 2648 3532 moe-

628 3540 823 3606 nibus
868 3541 1254 3609 ballistarum
1307 3545 1856 3630 scorpionumque
1908 3541 2061 3605 telis
2111 3544 2302 3626 petiti
2341 3550 2647 3612 recess'e..

534 3679 535 3686 ,
630 3636 804 3686 runt.
888 3625 991 3688 Ab
1030 3625 1156 3688 hoc
1188 3640 1486 3711 tempore
1521 3624 1969 3698 Mithridates,
2043 3624 2254 3688 donec
2291 3628 2648 3713 pedestres

631 3705 861 3787 copiae
896 3706 1331 3783 advenissent‚
1378 3708 1860 3792 oppugnatione
1889 3705 2230 3772 abstinuit}
2269 3710 2438 3773 levia
2485 3725 2650 3775 tan..

628 3798 764 3852 tum
804 3790 1152 3854 certamina
1208 3789 1288 3852 ad
1332 3810 1554 3855 muros
1590 3787 1848 3857 fiebant.
1939 3790 2175 3874 quibus
2280 3791 2647 3877 lerumque

630 3870 1008 3954 superiores
1059 3870 1344 3946 Rhodii,
1429 3872 1635 3960 magis
1686 3870 2019 3961 magisque
2077 3892 2200 3936 con
2251 3874 2648 3944 rmabantur

232 505 235 514 ,
302 453 374 510 U-

288 522 347 574 A.

686 4056 829 4126 Gap.
861 4057 1044 4109 XVII.
1084 4011 1300 4113 Strabo
1328 4055 1485 4127 apud
1511 4058 1748 4130 Joseph.
1795 4058 1878 4122 14·
1917 4077 1997 4114 n.
2027 4057 2149 4140 Cio.
2181 4077 2318 4133 pro,
2352 4061 2616 4140 Flacco,

624 4140 676 4184 o.
709 4124 791 4185 28.
827 4125 1064 4204 Joseph.
1135 4127 1280 4205 Cap·
1317 4128 1531 4191 XVIII.
1559 4127 1691 4189 Liv.
1733 4128 1890 4207 Epit.
1923 4129 2181 4209 Appulu-
