2717 4667
612 241 701 302 ιΝ
739 227 1038 302 Locum
1079 239 1242 300 Lm.
1284 237 1451 300 xc1.
1496 236 1725 304 mvn.
2073 238 2197 302 285

200 445 354 507 ciem
392 460 461 507 et
492 447 700 508 robur
727 443 1123 507 instruendo.
1187 443 1322 507 Sed
1359 459 1426 507 et
1463 445 1891 509 nobilissimos
1927 466 2005 507 ex
2035 445 2192 507 ami·
2251 446 2374 507 U.c

202 528 286 589 cis
316 529 588 611 populis
622 547 867 613 pueros
889 570 905 601 ,
949 528 1105 589 ludo
1143 526 1357 589 Oscae
1390 526 1677 590 instituto
1698 572 1713 601 ‚
1764 528 2035 590 Graecis
2068 529 2192 588 La-
2250 517 2324 574 A·
2347 517 2525 592 0⁸27·

202 609 479 693 tinisque
517 609 730 674 literis
770 608 1035 672 curabat
1084 608 1486 671 erudiendos
1511 653 1529 684 ,
1592 611 1920 672 civitatem
1957 614 2197 670 Roma.

204 712 334 752 nam
370 692 770 776 promittens
791 733 812 764 ,
854 691 968 752 ubi
1004 690 1451 776 adoleviss'ept.
1536 694 1620 753 Et
1651 693 1721 754 bi
1751 690 2012 776 quidem
2039 692 2196 753 Ser-

210 773 368 834 torio
419 772 605 834 usum
647 771 950 835 obsidum
996 772 1431 871 praebebant=
1504 774 1663 846 sed,
1724 775 1873 858 quia
1912 772 2196 835 nominis
2230 818 2241 826 .

213 851 445 916 invidia
495 856 753 928 aberat,
814 876 1033 918 securi
1085 854 1405 938 vacuique
1465 854 1834 939 suspicione
1889 868 2198 939 parentes

202 937 364 1078 ζῐιιο
432 936 695 999 liberali
766 951 834 1000 et
892 935 1154 1001 honesta
1213 956 1482 1012 suorum
1545 935 1935 1001 educatione
1999 938 2197 1001 laeta-

244 1031 452 1079 antur·

307 1148 392 1207 V.
440 1150 587 1209 Mos
630 1162 817 1211 vetus
857 1151 1328 1218 Germanorum
1373 1150 1838 1239 Gallorumque
1882 1171 2006 1238 per
2044 1151 2191 1216 Cel·
2249 1161 2527 1234 Hispana·

201 1231 449 1317 tiberos
483 1232 552 1290 in
584 1230 964 1315 Hispaniam
1003 1232 1414 1298 introductus
1451 1233 1702 1309 fuerat,
1761 1250 1831 1298 ut
1871 1234 2192 1320 principi·
2214 1235 2433 1312 *ἅμα
2449 1230 2540 1283 ⁴1·

200 1313 312 1373 bus
367 1312 614 1374 virtute
667 1313 1062 1397 praestantes
1113 1313 1246 1378 viri
1297 1316 1571 1378 comites
1620 1337 1691 1380 se
1730 1313 2361 1404 adjungerent,⁹⁰‘²⁰
2379 1300 2540 1384 ‘1⁰¹⁸‘

199 1394 555 1457 indiscreta
584 1393 1021 1459 familiaritate
1050 1398 1364 1462 laetorum
1394 1396 1962 1483 adversorumque,
2003 1411 2196 1483 atque
2218 1383 2355 1424 ¹⁸¹⁸·

199 1478 388 1540 etiam
431 1475 702 1549 mortis,
748 1479 937 1541 socii.
1003 1501 1188 1553 nam,
1231 1500 1315 1542 ne
1351 1479 1538 1563 quis,
1585 1480 1803 1541 amill'o
1847 1479 2049 1553 duce,
2099 1480 2196 1541 vi-

194 1580 309 1624 vus
356 1578 445 1621 ex
487 1558 628 1621 acie
665 1574 1151 1635 reverteretur,
1209 1559 1563 1625 devotione
1604 1561 1891 1626 terribili
1929 1560 2197 1624 adstrin-

142 1715 150 1721 ,
239 1640 436 1704 ebant
489 1637 708 1704 fidem.
807 1643 1065 1705 Horum
1105 1641 1345 1723 major,
1458 1664 1600 1704 uam
1650 1643 1950 1727 cuiquam
1999 1641 2196 1717 alias,
2254 1647 2461 1704 Hor-n·
2488 1646 2553 1701 de

196 1662 497 1785 {ex-torio
541 1741 848 1784 numerus
888 1724 1259 1809 apparebat.
1332 1745 1439 1786 mu
1470 1738 1530 1785 ta
1580 1726 1750 1788 enim
1792 1747 1939 1787 eum
1978 1725 2046 1787 in
2082 1725 2197 1788 has
2219 1716 2595 1800 νῦῑθζωβηῖ·

195 1806 376 1888 leges
429 1804 652 1865 millia*
683 1805 1155 1888 sequebantur:
1220 1804 1574 1894 feruntque
1616 1807 1998 1891 aliquando,
2045 1798 2274 1893 fugam
2294 1787 2480 1839 ''¹¹¹¹‘'
2499 1802 2557 1840 ⁸·

199 1888 271 1948 ad
313 1886 547 1946 urbem
589 1887 925 1970 quamdam
960 1887 1165 1960 facta,
1213 1887 1559 1971 portisque
1602 1888 1852 1952 turbam
1888 1893 2194 1951 moranti·
2213 1855 2361 1979 ἐξ,
2382 1854 2560 1910 ‘sau‘

200 1969 351 2041 bus,
414 1968 690 2029 devotos
726 1968 914 2044 illos,
985 1968 1232 2050 abjecta
1273 1990 1427 2031 suae
1467 1971 1692 2034 salutis
1731 1991 1922 2046 cura,
1971 1972 2197 2044 Serto·
2365 1960 2382 1978 ’

200 2052 360 2111 rium
406 2070 535 2133 per
570 2070 683 2111 sua
719 2069 999 2136 corpora
1036 2050 1117 2111 ad
1152 2051 1438 2113 medium
1478 2055 1663 2135 quasi
1712 2074 1966 2114 murum
2013 2068 2196 2116 extu-

196 2132 400 2275 lill‘e,h
419 2143 492 2192 ut
519 2130 775 2194 deinde
821 2130 1397 2221 superadstantium
1436 2135 1734 2199 manibus
1772 2135 1842 2196 in
1881 2156 2197 2197 summum

195 2228 354 2277 attra
407 2226 654 2280 eretur.
932 2228 938 2234 “

312 2338 444 2401 VL·
478 2341 613 2399 Nec
658 2335 947 2399 diss'imili
989 2339 1157 2402 fama
1200 2353 1394 2424 atque
1432 2339 1701 2404 caritate
1737 2361 1770 2402 a
1821 2337 1909 2400 ud
1939 2338 2198 2401 Italicos

193 2419 442 2481 milites
482 2415 956 2482 celebrabatur.
1044 2426 1202 2486 Nam
1248 2426 1630 2507 Perpernae
1683 2423 1772 2483 mi
1801 2424 1966 2492 ites,
2024 2419 2202 2504 quod

190 2502 305 2564 ille
332 2543 350 2574 ,
410 2501 755 2563 nobilitate
794 2515 863 2563 et
898 2501 1133 2587 opibus
1165 2505 1427 2588 potior,
1473 2501 1714 2566 cedere
1754 2504 2054 2566 Sertorio
2095 2521 2201 2562 re-

191 2583 489 2657 cusabat,
547 2581 1052 2666 indignabantur
1071 2605 1098 2646 t·
1145 2606 1269 2648 nec
1315 2587 1483 2650 ultra
1520 2584 1712 2668 pam,
1761 2605 1949 2669 quam
1989 2584 2201 2646 donec

190 2686 315 2752 per
335 2666 742 2754 Pyrenaeum
778 2667 1011 2728 saltum
1031 2666 1384 2753 Pompeius
1414 2667 1766 2729 adventare
1801 2664 2057 2731 auditus
2090 2663 2200 2738 est,
2299 2685 2307 2702 ¹

192 2760 264 2808 ut
301 2746 384 2808 ad
425 2746 794 2809 Sertorium
831 2745 1140 2826 duceret,
1191 2748 1628 2834 postularunt3
1689 2752 1750 2809 ni
1783 2746 2055 2829 duxfft,
2096 2745 2203 2830 sua

182 2828 380 2911 sponte
412 2834 614 2891 ituros.
697 2828 952 2892 Idcirco
987 2833 1359 2915 Perperna,
1406 2829 1585 2917 quod
1604 2833 1932 2892 fsummum
1964 2844 2197 2893 tenere
2256 2835 2525 2906 Perperna

193 2910 414 2973 locum
461 2908 815 2995 nequibat,
879 2913 1251 3009 proximum
1299 2914 1526 3000 utique
1579 2933 1713 2975 non
1764 2911 2199 2993 abjiciendum
2221 2904 2291 2959 aa
2308 2904 2590 2987 Sertorium

191 3007 374 3055 ratus
396 3035 418 3066 ,
464 3012 612 3054 cum
650 2990 899 3076 ingenti
938 2996 1215 3080 pecunia
1251 2995 1595 3082 tribusque
1635 3008 1703 3059 et
1735 2994 2205 3082 quinquaginta
2222 2975 2449 3029 “cm‘’

195 3074 585 3168 cohortibus
622 3073 703 3136 ad
736 3075 1104 3139 Sertorium
1140 3076 1343 3141 venit.

261 3199 264 3204 ·
317 3182 458 3248 VII.
505 3180 643 3242 Hac
684 3194 860 3244 tanta
898 3182 1259 3245 access'ione
1292 3182 1662 3245 ferociores
1694 3178 1998 3266 Hispani,
2043 3197 2203 3263 quo·
2294 3203 2299 3204 ff

194 3283 340 3324 rum
384 3261 679 3345 undique
729 3285 958 3348 magna
999 3265 1110 3344 ,vis
1161 3263 1241 3326 ad
1284 3262 1484 3328 castra
1525 3264 1810 3327 Sertorii
1848 3280 2204 3326 concurre-

192 3359 331 3420 rat,
396 3343 936 3409 inl'olentioribus
981 3345 1278 3430 quotidie
1320 3346 1595 3412 vocibus
1632 3366 1913 3429 pugnam
1952 3341 2204 3424 flagita»

189 3422 369 3489 bant.
457 3427 546 3489 At
575 3427 947 3501 Sertorius,
1006 3429 1396 3504 non'minus
1447 3443 1710 3500 cautus,
1775 3446 1966 3522 quam
2009 3443 2200 3496 acer,

190 3507 595 3593 imperator,
657 3510 1034 3594 neutiquam
1071 3509 1443 3573 conducere
1477 3510 1677 3572 rebus
1716 3530 1857 3570 suis
1888 3502 2205 3570 existima-

187 3590 339 3666 bat,
386 3604 461 3652 ut
496 3604 762 3686 praeter
797 3593 1114 3658 rationem
1149 3592 1307 3655 belli
1341 3612 1544 3676 seque
1581 3606 1647 3654 et
1681 3592 2045 3663 exercitum
2073 3606 2207 3646 non

186 3673 576 3736 necess'arus
631 3675 887 3736 casibus
940 3673 1278 3755 objiceret.
1385 3670 1756 3744 Postremo,
1829 3670 1980 3755 quia
2033 3667 2210 3730 nulla

187 3749 317 3833 jam
356 3758 617 3817 ratione
661 3753 958 3818 cohiberi
1002 3754 1335 3818 hominum
1377 3756 1657 3839 impetus
1701 3766 1995 3838 poterat,
2058 3763 2198 3816 tur-

257 3941 412 4013 Cap.
445 3943 524 3997 V.
559 3942 699 3996 Tac.
734 3942 938 3998 Germ.
973 3949 1029 3994 c.
1067 3945 1151 4011 ¹4·
1200 3937 1392 3997 Nicol.
1429 3942 1697 3995 Damasc.
1734 3936 1778 3992 l.
1811 3936 1913 4017 66..
1939 3933 2099 4007 apud
2126 3934 2202 3989 Δ..

187 4007 352 4064 then.
382 4012 449 4076 6,
488 4011 570 4067 13.
627 4009 767 4070 Sall.
795 4010 1014 4065 Incert.
1050 4014 1129 4090 ιῤ.
1185 4011 1340 4093 Plut.
1367 4008 1611 4094 ‘Serton
1663 4005 1806 4092 §alh
1845 4007 1917 4060 111
1963 4043 1979 4059 .
2020 4023 2078 4068 ι,
2114 4020 2201 4082 2¹3·

187 4077 690 4208 djgsq⁰3l⁷tltbmm⁰
760 4077 908 4153 cap.
942 4080 1073 4138 Vn.
1122 4079 1332 4134 Suidas
1366 4095 1426 4132 ιιι
1458 4075 1835 4150 Σερτώριος.
1943 4077 2028 4128 ut.
2071 4071 2197 4156 sm?
