2717 4667
607 209 727 312 440
803 226 1204 315 FRmNsu.
1233 197 2077 295 ‘SUPPLEMENTORUM
2103 222 2255 289 Lm.
2281 224 2504 290 mur.

369 436 566 500 ο.685.
606 439 945 525 pacatique
988 431 1307 498 virerent.
1397 433 1598 494 Simul
1643 432 1977 494 solitudini
2017 434 2361 497 multorum
2397 457 2435 497 o
2480 437 2572 521 pi.

381 510 445 566 0·
478 510 564 582 67.
609 522 839 588 dorum
889 518 1380 580 consulebatur:
1443 528 1506 576 et
1544 515 1717 576 inter
1753 529 1969 576 cetera
1999 517 2230 578 Mallus
2275 533 2338 582 et
2366 521 2418 581 A
2470 540 2575 580 ana

609 618 675 664 et
712 601 1081 685 Epiphanea
1115 599 1218 660 his
1255 596 1617 660 cultoribus
1660 594 2066 684 frequentata
2106 613 2273 661 sunt.
2354 601 2425 662 In
2466 601 2574 662 So-

602 686 839 753 liorum
881 683 1072 746 etiam
1103 682 1353 753 urbem,
1402 700 1588 763 quam
1625 679 1941 760 Tigranes
1979 701 2192 762 nuper
2227 680 2572 754 adflixerat,

605 763 1003 834 instauratam
1079 759 1438 825 introduxit
1505 781 1584 825 ex
1644 779 1724 820 eo
1788 757 2031 842 genere
2090 761 2575 829 honestiffimum

606 867 963 938 quemque,
1015 845 1226 928 deque
1274 863 1396 905 suo
1440 842 1703 905 nomine
1746 843 1968 905 vocari
2010 844 2415 924 Pompejopolin
2452 845 2573 928 jus.

506 966 517 973 ·
606 932 724 1004 sit,
770 927 1166 992 immunitate
1196 924 1508 988 concess'a.
1590 924 1952 986 Nonnullos
1979 925 2168 986 etiam
2191 927 2441 1009 Dymen
2468 927 2576 987 mi.

578 1011 707 1085 sit,
748 1009 921 1098 quod
944 1007 1221 1086 Achaiae
1252 1004 1583 1103 oppidum,
1622 1007 1815 1090 quum
1844 1026 2065 1088 agrum
2098 1007 2292 1069 latum
2326 1022 2392 1071 et
2418 1009 2575 1093 opti-

598 1112 769 1154 mum
808 1090 1111 1160 haberet,
1157 1087 1631 1150 habitatoribus
1672 1086 2056 1168 infrequens
2097 1103 2271 1153 erat:
2314 1091 2480 1152 alios
2516 1090 2576 1153 in

603 1173 932 1245 Calabria,
979 1170 1303 1237 attributis
1344 1169 1425 1232 ad
1462 1168 1802 1253 colendum
1840 1169 2048 1250 agris,
2096 1172 2463 1244 collocavit.

305 1263 577 1352 Nabar„
715 1280 1036 1346 XXXVII.
1099 1278 1228 1340 Hic
1278 1276 1407 1340 fuit
1457 1274 1616 1339 belli
1674 1288 1802 1336 tam
1848 1275 2286 1340 formidabilis
2339 1278 2573 1339 exitus:

226 1364 441 1419 navium
487 1378 575 1417 ca.
603 1379 730 1441 quo
773 1382 969 1424 naves
1016 1367 1414 1442 expugnatae
1471 1357 1634 1420 duae
1687 1371 1752 1419 et
1809 1358 2249 1441 septuaginta,
2327 1359 2575 1421 deditae

224 1444 468 1512 starum,
488 1447 574 1498 ⁰1²·
603 1454 932 1509 trecentae
975 1435 1089 1506 'sex
1127 1453 1504 1513 narrantur,
1550 1458 1678 1521 quo
1719 1439 1787 1499 in
1818 1458 2089 1503 numero
2125 1439 2433 1502 rostratae
2470 1461 2576 1502 no-

226 1501 578 1595 P'ssdw‘m'qu‘
600 1525 859 1607 naginta
891 1523 1191 1588 fuerunt:
1238 1519 1477 1608 oppida
1510 1518 1887 1604 castellaque
1920 1534 2178 1604 recepta
2209 1536 2466 1585 centum
2490 1521 2576 1584 vi-

224 1580 576 1662 '“‘¹'‘⁰‘“‚'''‘
599 1605 794 1686 giuti:
853 1603 1251 1689 praedonum
1306 1602 1802 1686 repugnantium
1860 1601 2037 1664 caesa
2083 1603 2309 1666 decem
2362 1604 2573 1665 millia.

598 1707 759 1768 quae
788 1689 958 1750 tanta
995 1706 1194 1771 opera
1227 1683 1532 1748 trimestri
1570 1683 1778 1766 spatio
1819 1684 2114 1746 confecta
2148 1700 2292 1750 sunt
2333 1706 2412 1747 ea
2437 1685 2576 1748 feli-

596 1769 828 1840 citate,
887 1782 958 1832 ut
1004 1788 1087 1833 ne
1140 1789 1264 1830 una
1314 1765 1574 1849 quidem
1625 1764 1806 1827 navis
1839 1769 2123 1828 Romana
2170 1766 2573 1832 desiderare-

593 1863 733 1924 tur3
796 1869 871 1914 ea
909 1870 1169 1937 quoque
1211 1847 1648 1931 perpetuitate
1685 1847 2040 1919 victoriae,
2086 1863 2160 1910 ut
2193 1848 2410 1932 postea
2447 1850 2574 1910 lon-

192 1981 219 1990 ..
597 1931 842 2016 giffima
887 1945 1091 1996 aetate
1129 1943 1371 2015 piratas
1407 1930 1651 1996 circum
1695 1949 1768 1992 ea
1807 1931 2006 1993 maria
2044 1949 2233 1991 nemo
2275 1931 2536 1994 viderit.

140 2049 144 2058 ⁷
244 2051 575 2112 lambens·
718 2037 1067 2102 XXXVIII.
1119 2039 1276 2100 Tam
1296 2034 1571 2119 prosper
1592 2037 1881 2098 externis
1906 2035 2366 2110 rebusfannus‚
2412 2049 2571 2098 totus

224 2121 452 2179 cordiae.
595 2117 805 2191 ferme
848 2118 1225 2194 tumultibus
1272 2132 1338 2183 et
1376 2110 1740 2182 discordiis*
1770 2119 1836 2180 in
1871 2119 2036 2179 urbe
2070 2132 2435 2179 transactus
2477 2114 2571 2179 est.

597 2205 773 2267 luter
821 2200 977 2265 alias
1031 2201 1266 2262 causs’as
1318 2199 1648 2262 turbarum
1700 2199 1971 2264 ambitus
2017 2213 2194 2272 erat,
2238 2200 2572 2284 permultis

595 2283 890 2370 proxima
941 2280 1204 2346 censura
1261 2294 1483 2343 senatu
1537 2281 1769 2355 motis,
1837 2295 1903 2342 et
1948 2282 2242 2343 ordinem
2288 2280 2572 2365 quolibet

596 2363 791 2428 modo
819 2384 1212 2446 recuperare
1242 2362 1766 2447 properantibus.
1852 2362 2104 2425 Idcirco
2141 2365 2210 2427 C.
2235 2363 2573 2425 Cornelius

595 2446 895 2511 tribunus
919 2445 1169 2532 plebis,
1214 2443 1417 2509 iratus
1455 2446 1741 2518 senatui,
1788 2443 1962 2528 quod
1994 2444 2382 2520 relationem
2421 2444 2571 2524 ejus,

522 2546 534 2559 ‘
597 2547 664 2588 ne
703 2532 821 2608 quis
858 2527 1051 2609 legatis
1091 2547 1402 2588 exterarum
1438 2531 1716 2585 nationum
1749 2533 2022 2606 pecuniam
2061 2524 2341 2607 experfixm
2365 2527 2571 2609 ferret,

602 2623 860 2676 senatus
905 2608 1400 2692 repudiaverat,
1447 2606 1806 2676 deambitu
1844 2607 2098 2670 ferebat
2138 2606 2395 2692 legem,
2441 2626 2575 2671 cum

602 2690 1022 2756 acerbiss'unis
1065 2691 1140 2758 in.
1172 2689 1623 2773 delinquentes
1663 2689 1917 2773 poenis.

297 2797 609 2879 c-Pisonfs‘
723 2797 1015 2857 XXXIX.
1060 2795 1364 2857 Placebat
1402 2814 1475 2856 ea
1514 2815 1623 2856 res
1662 2797 1942 2882 populo:
1999 2797 2115 2858 sed
2141 2796 2408 2868 PatreS,
2453 2809 2578 2856 ter-

228 2855 967 2941 letdarum-nihiliorem
1019 2878 1276 2961 specie,
1339 2897 1526 2960 quam
1570 2876 1810 2942 effectu
1857 2876 2314 2949 robustiorem,
2372 2878 2578 2962 legem
2667 2919 2668 2956 ᾗ

229 2950 335 3021 “’·.
603 2961 896 3033 causs'ati,
958 2959 1291 3022 consulem
1320 2959 1510 3021 ferre
1552 2957 1864 3038 juss'erunt
1901 2961 2154 3044 legem,
2204 2962 2290 3018 uti
2332 2962 2577 3020 condem·
2667 2973 2668 3040 j

270 3074 278 3079 ·
602 3046 719 3102 nati
751 3042 984 3104 ambitus
1017 3061 1183 3124 neque
1214 3040 1557 3123 magistratus
1580 3062 1856 3123 gererent,
1901 3062 1955 3100 et
1974 3042 2169 3123 senatu
2199 3052 2576 3109 moverentur3
2667 3049 2668 3062 ¹

602 3122 855 3182 ntulctam
895 3143 1098 3204 quoque
1129 3126 1496 3201 pecuniariam
1540 3142 1599 3181 eo
1639 3127 1846 3182 nomine
1879 3125 2199 3204 penderent.
2284 3124 2572 3191 Interea,

608 3203 759 3264 dum
801 3204 1209 3266 comitiorum
1246 3203 1387 3280 dies
1430 3203 1545 3264 exs
1584 3218 1866 3278 ectatur,
1925 3203 2341 3266 nihilominus
2380 3200 2578 3264 ambi·
2665 3251 2666 3276 ¹

608 3298 712 3346 tus
762 3281 1094 3357 fervebat,
1152 3299 1277 3345 tam
1328 3286 1506 3368 ,impu
1556 3286 1811 3348 entibus
1861 3282 2574 3378 quorumdamlfiudiis,
2665 3283 2666 3316 l

608 3379 678 3428 ut
717 3367 908 3430 etiam
947 3366 1303 3429 homicidio
1349 3388 1480 3432 non
1525 3366 1983 3431 abstineretur.
2065 3369 2327 3428 Factum
2377 3365 2579 3448 igitur
2663 3411 2664 3420 ,

609 3448 1223 3512 senatusconsultum
1261 3448 1347 3510 est
1368 3491 1384 3519 ,
1432 3451 1498 3507 de
1534 3448 1617 3507 his
1654 3454 1816 3508 etiam
1847 3454 2033 3527 quaeri
2059 3448 2272 3527 placere
2283 3469 2304 3520 ,·
2347 3443 2577 3525 confidi·

607 3550 708 3608 que
741 3527 1062 3609 praesidium
1103 3532 1250 3592 dari.
1347 3534 1636 3612 Namque
1688 3529 1759 3595 G.
1802 3529 1991 3600 Piso,
2054 3549 2246 3611 quum
2301 3540 2576 3611 propter
2663 3535 2664 3566 ¹

605 3610 1082 3674 multitudinem
1116 3610 1626 3673 adversariorum
1664 3610 1906 3690 ejectus
1943 3610 2093 3671 foro
2129 3611 2320 3682 ess'et,
2363 3621 2573 3670 extre·

603 3696 694 3755 mi
745 3690 1250 3777 difficillimique
1311 3692 1627 3779 temporis
1686 3711 1912 3757 vocem
1964 3690 2222 3754 miserat
2242 3733 2259 3764 ,
2321 3710 2418 3761 ut,
2483 3688 2574 3769 qui

244 438 341 499 >Ua

276 515 346 572 A.

674 3851 819 3921 Cap.
850 3850 1109 3906 XXXVI.
1159 3848 1412 3923 Appian.
1464 3850 1598 3905 Dio.
1650 3851 1804 3905 Plut.
1853 3849 2108 3917 Strabo,
2143 3846 2186 3901 l.
2227 3847 2308 3913 ¹4·
2351 3863 2414 3916 p.
2448 3841 2567 3900 ⁶65.

602 3921 810 3991 Pomp.
849 3917 1026 3981 Mela,
1060 3937 1106 3986 ι,
1147 3920 1226 3974 13.
1261 3920 1513 3993 Appian.
1549 3920 1704 3975 Plut.
1744 3921 1911 3975 Serv.
1945 3918 2005 3974 in
2029 3923 2083 3986 4.
2122 3915 2341 3985 Georg.
2369 3933 2427 3967 v.
2455 3928 2563 3972 127·

605 3987 1053 4058 Cap-XXXVII.
1091 3988 1134 4042 A
1185 3986 1343 4059 plan.
1382 3988 1526 4043 Plut.
1564 3987 1813 4061 Appian.
1853 3987 2016 4040 Flor.
2069 3984 2234 4055 Cap.
2257 3978 2559 4052 xxxvltl.

556 4104 562 4108 ,
605 4056 740 4111 Dio.
780 4057 992 4109 Ascon.
1032 4055 1092 4107 in
1176 4074 1305 4110 orn.
1339 4057 1476 4110 Dio.
1549 4057 1695 4129 Cap.
1735 4057 1982 4111 xxxlx.
2022 4053 2144 4110 Cic.
2179 4069 2292 4132 pro
2320 4047 2472 4110 Mur·
2507 4063 2554 4102 c·
2583 4111 2594 4122 .

602 4127 689 4189 28.
731 4123 869 4182 Dio.
903 4125 1117 4182 Asson.
1147 4121 1293 4186 ibid.
1330 4125 1467 4186 Dio.
1503 4125 1719 4185 Ascon.
1746 4122 1922 4187 ibid:
