2717 4667
417 228 535 305 252
590 220 1154 299 FREiNsnmm
1184 229 2015 300 SUPPLEMENTORUM
2042 228 2192 295 Lm.
2214 227 2383 292 mv.

337 481 357 501 .
419 464 608 506 rerum
636 447 870 505 omnium
904 442 1067 524 plena
1101 462 1157 502 et
1188 441 1364 503 libera
1393 438 1620 522 potestas
1649 436 1833 499 Sullae
1871 436 2140 500 dabatur
2158 478 2175 512 ,
2219 455 2285 495 ut
2317 434 2419 495 de-

328 549 346 570 ·
421 529 616 587 ducere
650 525 881 585 colonias
898 567 913 597 ,
959 522 1117 590 urbes
1155 523 1385 584 condere
1426 539 1523 580 aut
1558 539 1824 593 evertere,
1869 540 2036 662 refut:
2068 524 2277 600 eripere
2314 537 2416 577 aut

420 609 554 669 dare
572 650 589 682 ,
630 610 790 673 etiam
810 648 828 680 ‚
873 625 1025 685 quem
1063 605 1228 666 vellet
1267 607 1467 663 civium
1490 645 1507 674 ,
1551 601 1762 684 indicte
1799 620 1974 678 cauba
2007 604 2219 674 impune
2250 596 2420 678 postet

419 690 680 748 occidere.
762 688 1096 761 Dictator,
1163 695 1433 771 accepto
1472 681 1752 768 imperio
1773 725 1791 756 ‚
1850 684 1928 744 1..
1967 682 2302 747 Valerium
2337 682 2418 746 L.

420 771 495 834 F.
535 772 610 831 L.
644 772 723 831 N.
754 761 1057 831 Flaccum
1079 812 1096 841 ,
1143 788 1272 862 quo
1308 780 1579 851 rogante
1612 766 1722 827 lex
1756 764 1883 826 lata
1917 763 2168 838 fuerat,
2213 763 2421 849 magi-

324 857 330 874 *
423 851 619 916 strum
655 852 944 935 equitum
980 850 1162 915 dixit.

81 981 248 1069 Leges
262 1000 395 1053 mul-

45 1073 277 1137 tasfert,
298 1081 396 1124 aue

48 1140 240 1205 refert.

363 1248 382 1260 Ι

543 983 655 1045 IX.
714 979 1178 1044 Formidabilis
1215 978 1370 1040 inde
1407 991 1475 1040 et
1509 997 1675 1039 nova
1706 977 1963 1062 species
1990 976 2419 1061 procedentis

420 1065 491 1125 in
527 1062 857 1149 publicum
894 1063 1042 1135 fuit,
1089 1081 1304 1147 quum,
1351 1074 1424 1122 ut
1466 1060 1728 1122 solitum
1767 1058 2216 1131 dictatoribus,
2262 1080 2422 1143 qua-

419 1159 573 1207 tuor
612 1160 678 1208 et
711 1145 940 1229 viginti
983 1146 1202 1207 fasces·
1230 1141 1742 1227 praecederent:
1789 1142 1966 1224 quod
2000 1159 2191 1203 nemo
2227 1162 2421 1223 prae-

425 1226 697 1289 sentium
739 1247 1036 1310 umquam
1071 1226 1348 1289 viderat.
1432 1228 1588 1284 Mox
1619 1224 1915 1286 consulta
1952 1235 2018 1286 et
2053 1234 2191 1284 aeta
2221 1224 2422 1307 longe

422 1309 833 1371 terribiliora
931 1308 1265 1370 redibant:
1332 1313 1530 1394 quum
1550 1307 1755 1390 -leges
1806 1306 1963 1368 alias
2014 1304 2419 1389 antiquaret,

348 1401 370 1428 f
429 1391 588 1470 alias
636 1409 838 1455 novas
918 1401 1117 1453 erret.
1221 1389 1314 1450 Ne
1368 1393 1488 1471 quis
1536 1405 1856 1470 praeturam
1908 1409 2032 1448 ante
2084 1389 2422 1528 quaesturam

71 2794 405 2851 Dibuuorum

53 2865 357 2947 pofestpum

52 2941 267 2988 mereunt.

423 1485 638 1556 peteret
651 1496 704 1546 ‚n
740 1495 872 1552 ηευς
905 1472 1238 1554 consulatum
1273 1490 1398 1532 ante
1427 1487 1745 1550 praeturam
1763 1492 1782 1529 .·
1844 1474 1938 1550 qui
1972 1470 2095 1529 aedi
2115 1471 2164 1527 is
2180 1466 2418 1552 finffit,

428 1551 697 1615 coritium
729 1571 1040 1638 praetorem
1082 1547 1212 1633 fieri
1232 1596 1250 1627 ,
1312 1571 1367 1613 et
1419 1571 1490 1613 ex
1539 1570 1811 1634 praetura
1860 1550 2120 1634 consulem
2138 1591 2159 1624 ,
2229 1549 2415 1616 licere.

429 1635 726 1698 Praetores
769 1657 884 1697 octo
923 1641 1209 1718 quotannis
1248 1638 1448 1696 creari.
2090 1643 2102 1658 ⁶

551 1769 633 1831 X.
681 1764 1022 1830 Consulem
1065 1766 1365 1828 eumdem
1399 1766 1661 1836 iterum,
1702 1761 1835 1824 nisi
1868 1761 2189 1825 decennio
2217 1761 2424 1827 inter-

427 1849 688 1946 posito,
747 1850 998 1920 creari,
1063 1847 1446 1932 superiores
1501 1867 1763 1942 quoque
1816 1844 2001 1928 leges
2058 1858 2421 1909 vetuerant.

419 1930 535 2002 -1d,
604 1927 1023 2015 sequentibus
1069 1929 1477 2015 temporibus
1520 1928 1865 1999 abolitum,-
1933 1928 2108 1991 Sulla
2148 1926 2430 1992 dictator

430 2033 512 2076 ex
545 2012 810 2097 antiquo
843 1997 1094 2075 retulit.
1179 2016 1471 2095 Itemque
1510 2012 1577 2070 de
1609 2009 1910 2088 Majestate
1933 2030 1951 2067 .·
1995 2031 2060 2069 ne
2096 2015 2180 2070 cui
2214 2030 2420 2083 eorum,

425 2095 521 2177 qui
551 2113 669 2152 cum
700 2098 923 2174 tmperio
953 2093 1117 2173 essent
1134 2137 1151 2167 ,
1197 2100 1349 2154 exire
1384 2094 1452 2152 de
1470 2085 1767 2173 provincia
1798 2110 1916 2164 sua,
1961 2094 2256 2152 exercitum
2283 2091 2422 2150 edu-

425 2195 544 2236 cere
562 2216 579 2247 ,
635 2173 833 2234 bellum
872 2171 1073 2255 injustia
1113 2174 1297 2254 populi
1330 2193 1524 2256 gerere
1540 2216 1558 2246 ,
1616 2192 1714 2231 aut
1756 2175 1814 2231 in
1860 2191 2083 2250 regnum
2122 2191 2423 2232 externum

423 2245 645 2331 in'qredi
672 2255 879 2324 liceret.
963 2256 1208 2319 Eadem
1243 2257 1309 2319 le
1355 2278 1396 2338 e
1436 2252 1840 2340 quaestiones
1875 2252 2106 2316 haberi
2141 2254 2226 2316 de
2258 2271 2424 2338 quo-a

426 2338 627 2409 libet,
683 2338 859 2399 nullo
906 2336 1286 2401 discrimine
1353 2353 1659 2409 ortunae,
1703 2334 1987 2416 jubebat.
2072 2337 2424 2400 Nominan-

423 2433 536 2482 tur
576 2432 643 2482 et
679 2421 746 2479 de
779 2418 935 2482 halfe>
972 2421 1304 2506 hodieque
1343 2421 1530 2503 leges
1559 2419 1927 2490 Corneliae,
1971 2432 2040 2480 et
2072 2421 2138 2477 de
2172 2420 2422 2491 sicariis,

436 2499 825 2583 Venefieisque,
871 2501 1030 2564 item
1065 2506 1133 2563 de
1159 2505 1417 2576 injuriis.
1466 2517 1896 2585 quaeomnes
1939 2519 2084 2561 cum
2121 2499 2423 2585 pluribus

425 2582 572 2644 aliis
593 2624 611 2656 ‚
657 2604 816 2668 quas
853 2604 1218 2650 memorare
1260 2583 1426 2645 nihil
1466 2583 1733 2658 attinet,
1792 2583 1863 2643 in
1907 2581 2221 2646 dictatura
2256 2582 2425 2644 latae

430 2678 600 2727 sunt.

555 2787 666 2848 XI.
728 2786 858 2850 Sed
897 2801 1044 2851 ante
1087 2785 1310 2849 omnia
1336 2788 1750 2851 tribunorum
1792 2786 2010 2871 plebis
2049 2779 2428 2868 potestatem

432 2866 522 2932 ita
556 2868 824 2943 minuit,
882 2883 954 2934 ut
988 2883 1230 2930 tantum
1272 2891 1400 2931 non
1445 2869 1792 2932 aboleviss'e
1828 2868 2190 2930 videretur.
2264 2870 2429 2926 Nam

432 2962 500 3012 et
529 2969 721 3011 omne
756 2949 857 3031 jus
892 2952 1109 3035 legum
1150 2950 1565 3015 serendarum
1602 2950 1878 3023 ademit,
1923 2963 2166 3011 tantum
2203 2946 2430 3010 auxilii

428 3031 690 3094 ferendi
722 3032 993 3116 quadam
1019 3033 1300 3118 imagine
1325 3035 1592 3096 relicta:
1638 3046 1705 3095 et
1738 3052 1816 3093 ne
1848 3033 1992 3129 quis
2012 3075 2030 3106 ,
2073 3029 2206 3090 nisi
2237 3049 2428 3089 sena-

426 3128 569 3185 tor,
593 3113 912 3177 'tribunus
953 3112 1175 3186 fieret,
1225 3130 1292 3179 et
1328 3136 1412 3200 ne
1448 3116 1592 3199 quia
1633 3113 2012 3177 tribunitius
2060 3111 2256 3173 alium
2293 3131 2429 3172 ma-

391 3191 760 3278 ·gistratum
794 3203 1073 3282 peteret,
1116 3198 1285 3262 tulit.
1343 3217 1620 3281 quorum
1656 3197 1862 3259 altero
1898 3193 2230 3292 provisum
2260 3205 2424 3263 erat,

101 3584 359 3638 Senatum

52 3655 289 3734 supplet,
325 3652 406 3707 εἰ,

426 3297 513 3340 ne
551 3277 801 3361 plebis,
868 3299 1057 3361 quam
1092 3280 1395 3351 Pau-um,
1452 3277 1762 3358 majorem
1810 3291 2127 3341 rationem
2177 3274 2433 3336 tribuni

430 3357 780 3422 ducerent:
842 3362 1084 3432 altero,
1144 3379 1229 3422 ne
1282 3362 1430 3446 quis
1484 3359 1729 3442 insigni
1768 3379 2014 3441 genere
2053 3371 2162 3420 aut
2196 3356 2432 3419 favore

477 3440 696 3525 opuli,
743 3456 848 3505 aut
888 3444 1001 3527 qui
1036 3461 1260 3505 rerum
1299 3461 1670 3525 magnarum
1709 3443 1868 3504 ess‘et
1905 3454 2263 3526 appetens,
2292 3438 2431 3499 tri-

425 3462 734 3584 Eunatum
780 3523 1157 3587 adfectat-et.
1241 3523 1634 3586 Pontificum
1672 3543 2111 3608 augurumque
2152 3518 2431 3603 collegi-

429 3624 539 3665 um
568 3605 920 3693 ampliavit,
966 3620 1039 3670 ut
1076 3606 1278 3670 ess'eut'
1313 3605 1710 3692 quindecim.
1795 3605 2124 3678 Senatum,
2168 3624 2292 3689 per
2318 3621 2431 3665 se-

473 3791 640 3874 ἱ(ἕψῃ.
674 3793 840 3874 VlII.
880 3789 1008 3847 cie.
1036 3801 1243 3854 contra
1258 3790 1424 3873 βιῶ.
1447 3791 1500 3874 32
1531 3807 1582 3845 α.
1612 3747 1774 3874 flu}-
1814 3767 1940 3848 cie.
1980 3787 2057 3845 de
2074 3778 2164 3846 Iac
2207 3829 2224 3845 .
2258 3788 2303 3843 1.
2339 3787 2428 3843 ιδ.

426 3860 574 3914 Fasti
611 3861 806 3935 Capit.
881 3862 1026 3934 Cap.
1055 3855 1153 3916 IX.
1208 3862 1340 3917 Lw.
1376 3860 1532 3934 Epit.
1583 3859 1841 3932 Appian.
1889 3860 2044 3914 Plut.
2097 3862 2179 3913 Fa
2232 3900 2245 3913 .
2288 3876 2340 3911 c.
2369 3858 2433 3912 5.

411 3928 636 3998 Polyb.
671 3928 714 3984 l.
744 3931 801 3985 3.
838 3946 891 3986 c.
924 3929 1014 3998 87.-
1067 3929 1135 3984 Pi
1175 3929 1232 3984 h.
1287 3927 1440 3984 Ann.
1513 3929 1660 4003 Gap:
1696 3930 1765 3983 X.
1815 3927 2108 3984 Ammian.
2159 3925 2430 3983 Marcell.

432 4013 528 4061 u),
567 3997 643 4052 18.
698 3996 865 4070 Pigh.
937 4000 1084 4074 Cap.
1165 4001 1210 4055 1.
1261 3998 1403 4053 Sall.
1442 3996 1582 4054 nist.
1614 4016 1661 4052 ι.
1713 3998 1879 4053 Orat.
1915 4000 1995 4053 M.
2027 3996 2256 4070 Lepidi.
2299 3995 2432 4051 Liv.

427 4063 588 4146 ppit.
624 4065 750 4122 Cic.
789 4066 1034 4147 ‹le-Leg.
1059 4069 1118 4139 3,
1145 4086 1202 4139 9.
1245 4066 1505 4143 Appian-
1540 4063 1755 4126 Ascua.
1793 4063 1856 4121 in
1881 4065 2083 4123 Divin.
2118 4077 2178 4137 et
2212 4086 2261 4124 ι.
2298 4066 2433 4123 Act.

428 4150 493 4188 in
512 4135 686 4193 Verr.
734 4137 992 4212 Apptau.
2305 4153 2317 4162 ’
