2717 4667
163 357 175 384 Ι

2000 147 2015 178 Ι

584 237 725 321 ‘308
804 185 1205 304 Faninsn.
1241 215 2243 324 suPPLEnENTonun-tffl.
2279 233 2491 299 Lxm.

267 450 339 517 U·
376 465 430 503 c·
457 446 582 504 68⁸·
603 445 852 509 teriora
897 443 1096 508 Ponti
1118 483 1136 516 ,
1181 442 1295 505 ubi
1330 442 1533 505 Sanni
1564 438 1852 526 Lazique
1894 442 2231 514 accolunt,
2276 442 2566 528 profuge.

262 521 335 582 A·
371 519 440 574 C·
463 533 554 588 7⁰·
607 543 791 603 runt,
836 528 1098 611 ignibus
1138 538 1320 588 antea
1357 525 1644 608 reliquas
1683 524 1752 584 in
1786 529 1985 588 nares
2013 524 2293 604 injectis.
2352 528 2569 588 Lucul-

547 681 552 684 ‚
607 612 741 673 lum
781 623 964 671 ortus
1003 609 1071 669 in
1106 608 1270 669 urbe
1306 606 1550 669 clamor
1586 606 1885 685 (multam
1921 607 2095 668 enim
2127 606 2384 669 caedem
2414 608 2570 672 inter

601 690 1043 777 diripiendum
1076 690 1318 751 Cilices
1357 687 1742 769 ediderant)
1782 689 1976 750 simul
2010 686 2260 750 flamma
2301 690 2437 753 visa
2471 691 2569 752 ad·

596 773 886 846 monuit,
931 786 1003 833 ut
1040 771 1120 835 ad
1159 767 1725 842 urbem'duceret,
1769 768 1952 850 cujus
1984 770 2107 851 jam
2144 771 2336 833 etiam
2368 786 2569 855 partes

598 856 846 939 aliquas
887 853 1063 936 ignis
1105 852 1713 936 comprehenderat.
1774 852 1965 913 scalis
2020 853 2333 927 admotis,
2392 854 2569 917 facile

529 975 534 980 ·
596 951 1083 999 transcensum:
1126 950 1193 996 et
1222 935 1462 998 Cilices
1484 976 1500 1006 ‚
1550 954 1715 1020 quos
1746 934 1985 1018 praeda
2014 936 2399 1009 tardaverat,
2439 959 2570 1019 pas-

601 1021 728 1081 sim
761 1018 987 1080 occisi.
1033 1037 1117 1079 ne
1149 1016 1494 1101 oppidanis
1532 1015 1792 1100 quidem
1829 1018 2010 1099 parci
2045 1018 2229 1079 inter.
2248 1018 2567 1082 tumultum

651 1101 850 1176 otuit3
896 1098 1140 1182 donec,
1187 1112 1336 1160 octo
1375 1097 1583 1159 ferme
1618 1097 1950 1159 hominum
1983 1099 2355 1176 interfectis
2389 1100 2568 1162 milli-

598 1124 764 1256 bus,
813 1180 1120 1243 caedibus
1157 1179 1475 1243 abstineri
1508 1181 1863 1263 imperator
1903 1180 2098 1261 juss'it.

327 1313 554 1383 ἐκίνης’
724 1314 925 1375 xxu.
975 1311 1234 1373 Deinde
1279 1312 1649 1372 consolatus
1691 1312 2089 1396 Sinopenses
2130 1311 2437 1396 privatim
2470 1333 2570 1374 sua

226 1402 487 1451 somnium
518 1395 581 1450 de
607 1394 844 1493 cuique
879 1393 1191 1464 reddidit,
1233 1393 1496 1477 publice
1531 1393 1712 1455 dedit
1745 1393 2146 1456 libertatem:
2190 1408 2453 1477 praeter
2482 1396 2572 1457 in·
2662 1399 2663 1402 ’

232 1468 512 1537 Autolyco.
604 1497 869 1560 genium
926 1473 1288 1574 beneficum
1342 1495 1416 1536 ac
1474 1475 1667 1548 mite,
1702 1475 1981 1536 'somnio
2036 1495 2297 1559 quoque
2352 1490 2570 1538 motus.

603 1561 911 1620 Proxima
962 1572 1109 1620 ante
1162 1555 1537 1653 capiendam
1590 1557 1818 1618 urbem
1871 1558 2090 1641 quiete
2142 1557 2375 1621 videre
2416 1558 2571 1622 visus

602 1638 694 1720 el}
741 1641 998 1703 habitus
1048 1639 1398 1723 ignotioris
1451 1639 1815 1712 hominem,
1874 1637 2226 1723 paullisper
2261 1640 2572 1720 jubentem

599 1722 957 1806 progredi,
1002 1736 1086 1783 ut·
1112 1721 1416 1782 Autolico
1463 1733 1863 1782 occurreret.
1944 1721 2012 1783 id
2051 1715 2377 1784 somnium
2417 1722 2572 1784 inter

599 1817 920 1867 tantarum
958 1824 1180 1864 rerum
1219 1803 1681 1885 occupationes
1718 1824 1912 1886 quum
1957 1800 2317 1867 exssuxiss'et
2353 1804 2568 1875 animo,

599 1884 802 1959 forte,
850 1885 1002 1945 dum
1038 1883 1273 1946 Cilicas
1308 1883 1388 1945 ad
1421 1905 1597 1945 mare
1634 1884 1703 1945 su
1752 1885 1961 1947 ientes
1993 1888 2436 1983 persequitur,
2471 1886 2572 1947 ob-

599 1967 884 2029 volutam
916 1966 1145 2050 panuis
1179 1965 1437 2028 statuam
1471 1966 1656 2028 vidit.
1709 1906 1880 2027 {auc
1912 1967 2024 2028 ubi
2064 1968 2229 2030 solvi
2264 1969 2569 2053 eximique

598 2047 804 2129 iamt,
867 2046 1073 2110 statim
1125 2048 1390 2131 agnovit
1438 2050 1759 2143 speciem,
1823 2069 1987 2144 quae
2025 2048 2362 2113 obversata
2396 2062 2570 2112 noctu

599 2129 854 2192 fuerat:
931 2130 1121 2191 simul
1178 2129 1613 2214 praesentmm
1677 2130 1758 2192 ali
1809 2152 1911 2191 uis
1974 2131 2359 2212 Autolycum
2408 2133 2567 2217 effe,

603 2210 938 2274 Sthenidis
977 2233 1175 2296 opus,
1234 2209 1656 2277 confirmavit.
1742 2151 2030 2273 geroem
2064 2214 2450 2296 Autolycum
2483 2214 2568 2275 Si·

600 2313 688 2355 no
739 2315 932 2357 enses
972 2294 1305 2368 colebant,
1373 2292 1548 2379 quod
1588 2295 1728 2356 sive
1761 2295 2023 2356 'Jasonis
2062 2295 2130 2355 in
2173 2290 2568 2380 expeditione

604 2378 696 2439 Co
727 2376 942 2450 obice,
1004 2376 1154 2454 sive
1182 2377 1490 2437 Herculis
1539 2375 1850 2437 adversus
1895 2377 2255 2438 Amazona's
2304 2376 2571 2464 profecti
2662 2397 2663 2448 j

603 2459 846 2533 socius,
892 2479 1088 2543 quum
1122 2457 1298 2520 forte
1333 2455 1739 2541 naufragium
1768 2457 1852 2520 iis
1880 2457 2045 2520 locis
2079 2460 2353 2533 fecill'et‚
2402 2460 2571 2524 Sino·

599 2561 730 2625 pen
786 2561 932 2602 cum
980 2540 1116 2616 suis
1173 2553 1619 2623 pervenerat„
1665 2547 1933 2624 eamque
1983 2540 2210 2603 urbem
2254 2543 2572 2623 prioribus
2660 2603 2661 2612 ,

602 2624 877 2718 incolis,
931 2645 965 2684 a
1001 2622 1165 2703 Syro
1215 2623 1439 2718 (quem
1459 2620 1776 2718 ’Apolline
1818 2636 1885 2718 et
1917 2622 2119 2766 Asopi
2164 2622 2295 2684 filia
2345 2625 2570 2719 Sinope
2660 2629 2661 2636 ’

602 2718 894 2792 gemtum
956 2703 1315 2784 ferebent)
1381 2703 1476 2765 1b1
1542 2700 1918 2779 collocans,
1992 2728 2028 2767 a
2079 2720 2359 2790 emptam
2421 2706 2571 2768 obu-

601 2800 854 2847 nuerat.

257 2935 580 2990 somffim
729 2917 983 2978 xxm„
1019 2917 1115 2978 Ea
1163 2933 1275 2979 res
1329 2914 1661 2979 admonuit
1701 2919 2039 2982 Lucullum
2095 2918 2573 2984 commentario-

229 2995 448 3084 hapitaes
483 3021 577 3059 ca·
605 3018 750 3060 rum
774 3039 791 3071 ,
835 3018 998 3082 quos
1041 2999 1106 3060 ei
1142 2999 1319 3088 Sulla
1356 2998 1812 3082 inscripserat,
1858 3001 2347 3088 inserueratque
2384 3000 2572 3065 moni·
2656 3047 2657 3052 η

222 3087 424 3144 pensa.
604 3091 738 3143 tum
766 3123 783 3154 ,
828 3102 893 3139 ut
929 3100 1034 3163 per
1075 3085 1303 3159 quietem
1343 3079 1523 3139 oblata
1561 3087 1845 3160 praecipue
1880 3084 2240 3158 firmitudt'nis
2286 3087 2572 3159 eaisfisszare

507 3165 514 3172 '
603 3158 939 3242 meminzffit.
1047 3160 1229 3257 Quae
1264 3160 1436 3224 fatua
1475 3164 1846 3246 etpuerilis
1875 3165 2206 3228 hominum
2238 3166 2571 3230 credulitas
2654 3161 2655 3224 1

652 3243 767 3305 uid
804 3242 1009 3318 aliud,
1071 3265 1258 3326 quam
1291 3244 1648 3318 theatrum,
1712 3243 1828 3319 est,
1891 3248 1959 3310 in
1991 3270 2119 3331 quo
2155 3248 2402 3311 fabulas
2440 3264 2570 3309 suas
2654 3237 2655 3250 ¹

603 3264 996 3410 deceptores
1033 3326 1212 3410 genii
1249 3347 1372 3409 pro
1408 3324 1617 3386 lubitu
1651 3325 1978 3404 instruant,
2023 3351 2417 3415 erroresque
2452 3348 2572 3390 om·
2652 3359 2653 3362 ¹

599 3428 745 3482 nes,
788 3409 855 3469 in
891 3428 1056 3489 quos
1090 3406 1472 3490 demergere
1506 3407 1800 3469 miseram
1831 3412 2285 3474 mortalitatem
2317 3410 2569 3479 student,

603 3490 786 3552 nullo
815 3490 1083 3572 negotio
1115 3486 1479 3551 stabiliant?
1525 3489 1708 3552 Hanc
1749 3490 1951 3573 igitur
1988 3491 2243 3554 statuam
2278 3492 2570 3556 Lucullus

505 3587 510 3592 ⁴
603 3569 905 3643 abstulit,
949 3593 1075 3632 una
1109 3590 1256 3632 cum
1289 3571 1522 3631 Billari
1566 3571 1866 3655 sphaera:
1911 3575 2150 3637 ceteris
2194 3571 2572 3638 ornamentis

604 3651 835 3738 oppidi
873 3652 1182 3722 abstinuit
1218 3651 1540 3731 injuriam.
1626 3654 1872 3740 Sinope
1908 3671 2211 3741 recepta,
2270 3657 2431 3719 nihil
2461 3653 2573 3735 jam

596 3734 681 3797 iis
731 3733 1119 3818 regionibus
1161 3731 1431 3807 hostile,
1492 3749 1756 3817 praeter
1805 3739 2163 3813 Amasiam,
2227 3750 2568 3825 supererat·

663 3915 808 3988 Cap.
839 3921 987 3973 XXI.
1045 3923 1341 3975 Memnon.
1399 3921 1550 3976 Plin.
1585 3924 1650 3991 6,
1680 3924 1733 3990 4.
1786 3925 1877 3997 ΑΡ
1925 3925 2040 3979 ian.
2096 3926 2391 3987 Memnon.
2424 3927 2566 3982 Plut.

595 3984 894 4040 Memnon.
934 3989 1108 4042 Oros.
1145 3989 1300 4044 Plut.
1341 3991 1641 4046 Memnon.
1675 3994 1826 4054 Plut.
1932 4011 2167 4050 emnon.
2241 3996 2561 4072 cap.xx11.
2642 4013 2645 4018 ⁴

589 4049 1034 4176 ξέἑὶὲὶὲρρὶιη.
1068 4056 1218 4112 Plnt.
1257 4057 1496 4114 Strabo.
1532 4060 1690 4117 Plut.
1724 4063 1982 4136 Appian.
2012 4064 2161 4119 Plut.
2209 4070 2350 4141 Cap.
2374 4065 2559 4121 xxm·
