2717 4667
626 202 712 268 58
751 157 1321 266 rREmsnemu
1347 191 2168 272 sornam-,monum
2192 203 2341 265 Lm.
2371 201 2566 264 xm.

316 409 389 469 11.
407 431 459 468 c.
479 414 602 541 6&
660 427 665 432 ‘
724 381 893 472 XLI
935 410 1062 475 Sed
1099 365 1607 496 propagantibus
1644 409 1925 475 obstabat
1959 410 2233 496 religio,
2278 410 2458 497 qnod
2488 431 2622 496 per

300 483 388 540 Α·
423 483 489 541 0·
584 521 605 554 r
630 491 849 564 lucum,
889 494 1207 565 Maricae,
1272 515 1461 577 quam
1509 510 1576 557 et
1629 500 1838 557 Circeu'
1870 494 2282 579 frequentius
2331 507 2619 570 rocam,

628 574 710 634 ad
757 595 935 636 mare
975 577 1104 638 iter
1153 588 1322 648 erat,
1386 597 1581 660 quem
1616 577 2006 661 praecipuae
2047 577 2406 639 sanctitatis
2440 576 2625 642 Min-

353 647 603 735 Dffmf‘ff·
625 671 969 720 tau-nenses
1014 655 1368 731 habebant,
1431 679 1648 743 neque
1676 659 1775 721 fas
1807 658 2116 744 putabant
2152 657 2379 722 efferri
2419 657 2629 741 quid-

265 729 367 839 {¹¹⁷
396 733 425 767 ⁰
461 718 599 843 Mi*
674 759 817 799 uam
882 759 1103 800 earum
1161 752 1379 801 rerum
1404 782 1421 814 ,
1461 761 1648 826 *quae
1706 742 1907 803 semel
1963 761 2044 803 eo
2097 741 2311 804 illatae
2364 740 2627 802 forent.

258 790 502 911 5:32⁶
544 806 606 842 ”⁸
680 821 764 901 ed
804 834 1174 884 ceterorum
1210 821 1677 885 dubitationem
1714 824 1905 885 unius
1936 824 2114 890 senis
2149 822 2444 886 alacritas
2479 822 2634 883 sol-

481 891 498 910 ⁹
627 900 761 965 vit:
809 903 946 986 qui,
979 902 1118 963 nihil
1142 908 1471 976 irreverens,
1515 925 1613 965 aut
1640 910 1918 989 ingratum
1948 908 2085 967 Diis
2121 905 2216 984 effe
2250 905 2629 978 clamitans,

626 986 772 1066 quod
824 986 897 1043 ad
944 987 1010 1045 C.
1051 984 1241 1045 Marii
1286 985 1505 1054 (alutem
1534 991 1872 1068 pertineret,
1939 1007 2085 1050 cum
2119 1001 2304 1070 parte
2327 1006 2579 1061 „rerum
2606 1027 2632 1057 ‚

622 1071 792 1150 q'uae
825 1066 904 1128 ad
936 1086 1113 1127 mare
1198 1067 1607 1140 ortabantur,
1684 1090 1806 1152 per
1848 1069 2063 1131 lucum
2094 1068 2343 1152 primus
2380 1066 2634 1131 evasit.

623 1148 962 1235 Pingenda
997 1091 1235 1210 deinlde
1270 1150 1522 1211 curavit
1551 1148 1661 1214 ista
1691 1150 1960 1225 Marius,
2004 1151 2411 1235 tabulamque
2442 1148 2639 1212 voti-

623 1252 771 1294 vam
829 1232 900 1292 in
956 1230 1109 1294 fano
1168 1231 1454 1294 Maricae
1518 1233 1882 1317 suspendit.
1968 1233 2080 1296 Sic
2119 1233 2202 1294 in.
2220 1254 2305 1317 pe
2388 1252 2640 1294 arvum

623 1312 972 1398 ianositus
1027 1314 1397 1396 navigium,
1479 1315 1822 1385 lacrumis,
1864 1316 2114 1387 >votis,
2182 1316 2358 1377 omni
2405 1333 2638 1397 usque

622 1411 1067 1481 prosequente
1087 1396 1538 1459 Minturnense
1555 1397 1821 1482 populo,
1855 1396 2139 1469 evitatis,
2173 1411 2481 1481 quantum
2495 1416 2639 1479 po-

621 1489 825 1550 terat,
872 1477 1068 1541 terris
1105 1477 1554 1563 portubusque
1592 1479 1914 1551 omnibus,
1960 1478 2191 1542 velain
2211 1480 2407 1541 altum
2431 1477 2637 1540 fecit.

288 1615 350 1666 1„
354 1614 600 1681 Asrfcoe„
746 1585 911 1645 XLI.
976 1585 1181 1645 Forte
1227 1583 1305 1644 ad
1352 1584 1628 1645 insulam
1674 1584 2018 1648 Aenariam
2065 1586 2315 1649 delatus
2335 1626 2353 1658 ,
2418 1604 2641 1670 quum

258 1684 507 1754 navigat,
624 1663 745 1728 ibi·
773 1666 1084 1727 Granium
1121 1679 1188 1727 et
1234 1667 1582 1729 nonnullos
1626 1668 1977 1729 amicorum
2029 1667 2407 1754 reperiss'et,
2490 1689 2641 1729 una

362 1769 366 1776 ·
622 1748 692 1807 in
746 1747 1037 1809 Africam
1082 1768 1342 1810 cursum
1383 1748 1837 1812 ¹intenderunt.
1925 1750 2087 1822 Sed,
2146 1750 2296 1849 quia
2339 1752 2643 1833 penuria

625 1849 829 1913 aquae
884 1829 1297 1902 laborabant,
1376 1830 1445 1891 in
1489 1850 1647 1913 agro
1692 1833 1973 1913 Erycino
2011 1833 2277 1896 Siciliae
2313 1831 2645 1895 fecerunt

628 1912 1145 1972 exscensionem.
1236 1910 1333 1972 lbi
1374 1910 1726 1995 quaestoris
1780 1915 2053 1976 Romani
2104 1931 2256 1977 cura
2308 1912 2646 1996 dispositi

627 1993 889 2076 equites·
928 1992 1402 2077 propemodum
1449 1994 1897 2077 egredientem
1935 1997 2084 2058 navi
2113 1996 2390 2058 Marium
2426 2015 2647 2057 exce-

621 2094 808 2158 pere.
893 2076 1263 2159 Aquatores
1339 2075 1560 2137 ferme·
1642 2077 1973 2139 sexdecim
2048 2076 2384 2141 interfecti
2448 2089 2644 2139 sunt.

622 2157 891 2238 Marius,
979 2177 1220 2241 ropere
1239 2158 1457 2218 soluto
1471 2159 1758 2242 navigio,
1790 2161 2162 2243 Meningem
2181 2158 2410 2230 tenuit,
2449 2160 2655 2221 Afri-

625 2257 738 2301 cae
778 2179 1075 2312 insuHim,
1121 2259 1286 2325 quae
1326 2238 1526 2302 hodie
1560 2239 1867 2300 Gerbarum
1897 2243 2215 2305 vocabulo
2254 2254 2355 2303 est
2374 2241 2646 2304 notior.

285 2365 348 2417 1..
360 2364 600 2420 Kmkae-
749 2343 944 2415 XLII,
992 2344 1123 2409 Hic
1176 2344 1258 2406 de
1309 2344 1450 2408 filio
1494 2367 1612 2407 suo
1679 2348 2059 2430 cognoscit,
2125 2347 2320 2421 illum,
2388 2368 2509 2405 cum
2565 2349 2652 2415 P.

250 2434 513 2501 ginensem
534 2452 597 2488 a·
629 2427 859 2510 Cethego
899 2423 1116 2509 fitlvum
1143 2470 1162 2499 ‚
1234 2431 1318 2490 ire
1377 2428 1454 2488 ad
1495 2430 1656 2486 Hiem
1694 2429 1900 2508 salem,
1977 2431 2117 2492 sive
2162 2427 2528 2503 Mandrestal·
2577 2429 2649 2491 is

248 2519 400 2570 grum
415 2515 593 2558 ”ww
624 2503 795 2584 fuit:
843 2510 948 2572 cui
987 2510 1239 2605 patrive
1276 2510 1414 2591 ejus
1452 2447 1792 2573 Numidiae
1819 2526 2067 2594 partem
2089 2555 2107 2585 ,
2154 2525 2343 2596 capto
2378 2507 2650 2598 Jugur-

250 2583 317 2622 “⁸
623 2590 768 2664 tha,
811 2592 1007 2653 Marii
1035 2593 1308 2655 maxime
1343 2613 1542 2677 opera
1576 2606 1835 2654 senatus
1870 2592 2159 2655 dederat.
2248 2592 2419 2652 Hinc
2446 2601 2474 2661 ,‘
2517 2616 2648 2655 re-

623 2690 819 2759 cepto
868 2671 1165 2735 nonnihil
1217 2675 1475 2746 animo,
1536 2672 1745 2737 statuit
1795 2674 1863 2735 in
1904 2674 2510 2759 Karthaginiensem
2570 2701 2651 2737 a-

668 2775 813 2816 rum
864 2754 1328 2818 transmittere.
1416 2756 1549 2828 Ibi,
1599 2777 1796 2840 quum
1838 2756 1907 2818 in
1950 2758 2117 2830 locis
2158 2755 2472 2818 solitariis
2513 2779 2649 2820 va-

619 2774 860 2933 fiis'que
897 2836 1162 2899 sederet
1186 2879 1202 2909 ‚
1251 2837 1433 2900 venit
1467 2836 1550 2898 ad
1579 2858 1726 2899 eum
1761 2837 1956 2900 lictor
1997 2839 2278 2909 Sextilii‚
2324 2838 2434 2920 qui
2488 2852 2652 2903 tum

619 2915 917 2982 Africam
971 2938 1095 3014 pro
1166 2931 1474 3004 praetore
1545 2919 1899 2983 obtinebat.
1983 2922 2086 2984 De
2151 2920 2278 2982 hoc
2325 2920 2597 2990 Marius
2622 2959 2650 3002 ,ι

620 3011 917 3063 neutram
977 3021 1045 3061 in
1092 3001 1698 3085 partem'merituS,
1779 3001 2192 3072 humanitatis
2241 3015 2458 3063 tamen
2507 3007 2654 3068 ali-

622 3082 803 3168 quod
838 3081 1135 3150 officium
1169 3103 1281 3145 exs
1333 3084 1603 3152 factabat,
1685 3083 1774 3146 At
1808 3084 2006 3147 lictor
2041 3086 2303 3145 'decedere
2339 3105 2459 3142 eum
2486 3104 2651 3167 pro...

620 3168 802 3224 vincia
834 3161 1040 3244 juss'it:
1091 3169 1150 3225 ui
1182 3106 1342 3225 magt
1378 3170 1437 3225 in
1460 3166 1522 3245 Je
1548 3210 1568 3241 ,
1612 3167 1677 3224 u't
1703 3165 1894 3245 hostem
1930 3166 1995 3226 ab
2027 3165 2225 3249 firmtu
2250 3164 2593 3246 judicatum
2626 3214 2649 3245 ,

618 3243 875 3328 decerni.-
920 3260 1241 3332 torveque
1273 3247 1636 3310 intuentem
1680 3260 1748 3310 et
1778 3268 2009 3314 vocem
2042 3248 2283 3311 nullam
2314 3246 2651 3314 emitten-

618 3340 753 3390 tem
797 3327 1070 3394 Marium
1122 3330 1379 3413 rogavit
1435 3329 1692 3394 tandem
1715 3372 1733 3404 ,
1763 3332 1986 3413 ‘ecquid
2028 3334 2338 3392 renunciari
2411 3340 2657 3395 raetori

617 3399 831 3471 vellet?
868 3409 968 3494 lbi
1000 3411 1290 3485 Marius,
1338 3412 1592 3485 Nuncia,
1645 3411 1894 3498 inquit,
1934 3411 2124 3494 vidiffe
2163 3431 2216 3472 te
2256 3412 2325 3473 C.
2439 3418 2650 3476 arium

618 3490 855 3566 extalem
880 3537 897 3567 ,
961 3496 1018 3552 in
1084 3492 1438 3572 Karthaginis
1486 3494 1732 3576 Magnae
1783 3499 1961 3555 ruinis
1983 3494 2296 3574 sedentem:
2359 3491 2662 3561 duobus‘

620 3574 985 3646 clarissimis
1041 3594 1227 3637 exem
1271 3575 1355 3636 lis
1407 3573 1895 3641 inconstantiam
1933 3596 2154 3640 rerum
2199 3575 2650 3642 humanarum

616 3657 946 3746 praetoris
986 3656 1198 3719 animo
1278 3677 1516 3743 gurare
1561 3679 1694 3725 non
1736 3658 1960 3747 inepte
2002 3672 2294 3723 conatus.

688 3814 835 3884 Gap.
870 3815 986 3880 XL.
1023 3816 1283 3874 Lactant.
1324 3837 1373 3874 ι.
1408 3835 1497 3872 «n.
1537 3817 1686 3870 Hor.
1726 3801 1922 3874 Gai-m.
1954 3816 2012 3875 3.
2060 3834 2144 3883 ¹⁴7·
2178 3827 2239 3873 et
2266 3811 2350 3871 ibi
2392 3811 2645 3894 inter-p.

616 3879 870 3946 Strabo,
907 3885 949 3938 l.
977 3887 1030 3941 5.
1111 3923 1125 3937 .
1160 3887 1279 3943 233.
1315 3887 1471 3943 Plut.
1511 3885 1637 3940 Cic.
1669 3902 1785 3958 pro
1817 3886 1977 3943 Sext.
2013 3885 2144 3942 Cic.
2176 3898 2291 3957 pro
2322 3885 2525 3942 Plano.
2584 3910 2644 3946 e.

619 3963 707 4008 io.
742 3951 871 4006 Cic.
908 3958 1026 4026 ‘pro
1057 3903 1229 4011 gen..
1424 3996 1439 4011 .
1472 3955 1617 4011 XLI.
1652 3955 1912 4038 appiam
1943 3955 2099 4010 Plut.
2140 3955 2356 4011 Cellar.
2395 3957 2647 4043 Geogr.

614 4020 750 4075 Ant.
770 4020 809 4073 1.
831 4027 881 4084 4.
959 3957 1500 4106 ΟειΡ.·ΧΙιΙΙ.Οῗ’ῗιιῑ.
1540 4025 1798 4103 Appian.
1832 4025 1959 4084 Cic.
1991 4024 2117 4101 post
2131 4022 2431 4083 Redit-‘ad
2448 4027 2646 4108 Qun.

613 4105 669 4149 c·
698 4090 754 4149 8.
784 4090 936 4150 Plut.
972 4092 1227 4172 Appiani.
1257 4094 1415 4156 Plut.
1707 4125 1712 4131 ·
2465 4171 2470 4176 Φ
2645 4135 2652 4140 -
