2717 4667
569 221 662 285 IN
700 218 1002 287 Locum
1039 222 1190 286 Lus.
1235 221 1495 287 Lxxx.
1538 221 1767 290 mvn.
2033 240 2151 304 ιον

181 450 318 493 cens
355 426 759 512 Pompejus,
802 427 1039 492 mediis
1079 427 1442 512 agminibus
1476 429 1826 506 immixtus,
1865 430 2149 517 prebent·
2201 425 2484 484 1¹⁰⁰·565·

185 513 355 574 debat
391 511 645 573 milites
666 553 683 584 ‚
748 511 1255 585 lacrumabatur,
1301 513 1746 597 supplicabat:
1877 512 2148 592 stremo,
2204 493 2466 563 *⁴0⁶8‘l·

188 594 413 676 abjecto
452 593 526 654 in
553 605 744 678 porta
762 591 1107 656 castrorum
1124 612 1430 681 corpore,
1473 594 1621 659 illac
1638 595 1789 678 jube
1871 598 2152 660 ttransi·

191 698 255 739 re
292 674 486 738 fidem
533 688 917 738 mutaturos.
961 675 1169 740 donec
1205 674 1410 738 multo
1438 673 1601 740 fletu
1639 691 1707 742 et
1737 678 2153 743 deformitate

195 757 527 842 spectaculi
572 770 835 820 retento
883 757 1078 822 militi
1122 756 1322 820 rediit
1357 757 1612 842 pudor,
1677 774 1744 823 et
1782 774 2045 844 praeter
2079 781 2154 823 o·

192 841 577 923 ctingentos,
624 839 741 922 qui
792 839 917 922 jam
959 839 1041 901 ad
1082 839 1350 901 Cinnam
1395 842 1815 915 transierant,
1858 843 2151 928 reliquus

188 923 495 984 exercitus
555 933 864 1009 pacatus,
922 921 1331 1009 imperioque
1374 925 1790 1009 proconsulis
1824 921 2152 987 restitutus

179 1018 292 1067 est.

290 1083 762 1150 V11.Minime
823 1095 1030 1148 nmen
1080 1084 1420 1148 diuturnus
1462 1101 1767 1172 receptae
1814 1085 2144 1173 potestatis
2201 1096 2304 1153 Gn.
2343 1095 2496 1152 Poun-

184 1189 324 1229 usus
374 1164 694 1250 Pompeio
745 1164 893 1226 fuit.
975 1168 1204 1229 Paullo
1251 1167 1428 1230 enim
1471 1167 1613 1255 post
1653 1184 1998 1267 utrumque
2031 1191 2141 1233 cx-
2165 1167 2279 1237 5³13
2300 1165 2523 1222 5⁰¹⁰&-

183 1251 441 1314 erritum
474 1246 840 1332 pestilentia
869 1241 1139 1311 invasitx
1192 1264 1260 1312 et
1303 1249 1388 1312 de
1430 1250 1729 1337 Pompeii
1774 1252 1987 1338 copiis
2025 1251 2144 1314 bo·
2167 1235 2255 1288 θ’
2271 1248 2506 1318 moraes

180 1333 410 1394 minum
445 1329 651 1408 millia
699 1328 1040 1405 undecim,
1087 1330 1168 1393 de
1199 1331 1575 1398 Octavianis
1622 1354 1740 1397 sex
1776 1334 2149 1397 desiderata
2166 1319 2468 1376 “uf'‘“u‘

183 1427 337 1476 sunt.
420 1409 685 1475 Deinde
718 1410 953 1496 ingens
985 1414 1154 1502 apud
1181 1417 1455 1478 Romam
1485 1415 1824 1502 tempestas
1860 1430 2000 1478 orta
2033 1412 2147 1490 est,

182 1510 238 1559 et
273 1493 504 1567 castra,
566 1494 920 1579 praecique
960 1495 1292 1581 Pompeii,
1330 1499 1788 1562 ‚tamxcrebris
1832 1517 2150 1583 percussa

181 1577 585 1652 fulminibus,
626 1589 698 1642 ut
731 1597 928 1640 ruere
962 1578 1216 1642 coelum
1257 1581 1615 1644 videretur.
1695 1581 1891 1643 Arma
1933 1580 2150 1664 signa·

184 1681 292 1745 que
330 1660 571 1757 pass'im
607 1672 814 1722 tactaz
869 1660 1111 1724 milites
1137 1704 1156 1735 ‚
1221 1676 1287 1728 et
1331 1663 1591 1749 quidam
1631 1683 1712 1725 ex
1753 1659 2146 1740 illustribus,

185 1741 512 1805 exanimati
550 1755 738 1813 sunt,
780 1740 929 1825 ipse
960 1764 1220 1828 quoque
1251 1745 1613 1829 proconsul
1643 1744 1917 1809 fulmine
1950 1741 2150 1806 adfla-

187 1836 271 1885 ms
308 1824 592 1888 interiit.
675 1826 843 1885 Tum
883 1824 1316 1921 improvisum
1345 1827 1478 1890 viri
1518 1827 1758 1891 exitum
1797 1825 2149 1912 singularis

190 1907 354 1970 ctiam
437 1905 897 1990 exsequiarum
960 1908 1314 1991 ignominia
1379 1911 1678 1974 comitata
1744 1924 1867 1972 est.
1950 1904 2149 2004 Quod

189 1989 332 2049 enim
378 1988 672 2072 imperio
724 2001 790 2049 et
822 1989 1116 2052 maximis
1160 1991 1560 2056 exercitibus
1595 1988 1969 2063 instructum,
2027 2007 2146 2075 pe-

180 2070 475 2133 riclitanti
510 2069 761 2154 patriae
792 2069 1164 2154 tempestive
1202 2073 1555 2137 subvenire
1595 2094 1680 2139 ne
1728 2075 2012 2150 lexcrat3
2075 2070 2147 2136 in

172 2166 401 2232 tantum
491 2152 675 2235 opuli
720 2154 994 2214 Romani
1031 2154 1252 2217 odium
1292 2155 1505 2228 venit,
1574 2170 1644 2218 ut
1708 2170 1917 2218 ectum
1954 2152 2093 2235 ejus
2124 2194 2142 2225 ,

172 2256 354 2318 quum
393 2258 429 2295 a
509 2249 743 2330 rogum
776 2233 1161 2310 efferretur,
1205 2235 1549 2323 diriperet,
1595 2255 1964 2325 corpusque
2008 2255 2145 2297 om-

168 2316 229 2380 ni
260 2316 659 2379 contumelia
691 2314 1017 2379 adfectum
1058 2339 1227 2380 unco
1268 2318 1581 2382 traheret.

278 2424 452 2490 VIII.
500 2422 676 2484 Dum
708 2418 819 2483 ista
850 2420 1012 2486 fiunt
1034 2468 1052 2500 ‚
1093 2425 1340 2487 Marius
1364 2468 1381 2499 ‚
1402 2425 1679 2488 relictis
1710 2446 1905 2520 supra
1939 2423 2144 2488 infra·
2207 2434 2422 2493 Marius
2440 2453 2518 2491 co.

169 2526 285 2589 que
318 2505 562 2567 urbem
595 2503 676 2564 ad
710 2504 1028 2566 arcendos
1064 2519 1460 2585 commeatus
1494 2504 1842 2590 praesidiis
1864 2549 1882 2579 ‚
1943 2520 2013 2569 ut
2045 2518 2144 2568 et·
2169 2505 2340 2562 tonsas
2368 2508 2519 2560 circa
2599 2507 2616 2520 “

166 2588 282 2648 iam
318 2608 404 2650 ex
438 2586 620 2671 agris
667 2585 1155 2649 subvectionem
1203 2605 1461 2651 omnem
1495 2601 1890 2673 amputaret,
1932 2588 2149 2652 vicina
2173 2574 2398 2629 Rm‘ffi
2427 2592 2508 2629 0⁶·

166 2669 402 2755 oppida
423 2713 442 2742 ,
503 2670 572 2730 in
609 2667 844 2752 quibus
877 2669 1104 2752 populi
1137 2671 1413 2736 Romani
1446 2670 1684 2733 horrea
1728 2684 1913 2733 erant
1934 2713 1956 2744 ‚
1994 2669 2147 2733 sub·
2170 2654 2361 2717 ‘nu‘

162 2753 248 2813 ito
297 2751 643 2836 aggress'us
669 2792 686 2823 ‚
748 2751 1008 2815 Antium
1031 2794 1048 2824 ,
1115 2766 1182 2814 et
1229 2751 1557 2827 Ariciam,
1631 2767 1697 2815 et
1745 2752 2147 2828 Lanuvium,

165 2849 223 2896 et
249 2848 609 2922 praeterea
652 2833 993 2896 nonnullas
1028 2832 1185 2894 alias
1220 2835 1546 2910 colonias,
1588 2835 1660 2898 vi
1688 2848 1797 2897 aut
1825 2833 2154 2918 proditio·

166 2937 239 2978 ne
266 2916 532 3012 potitus
552 2957 570 2987 ,
623 2911 860 2977 deletis
891 2914 1365 3001 propemodum
1399 2915 1871 2979 habitatoribus
1885 2959 1910 2989 „
1954 2916 2153 2978 deva·

165 2996 361 3060 stavit.
449 2995 652 3070 Inde,
718 2996 1097 3082 priusquam
1144 2997 1291 3059 aliis
1333 3019 1415 3060 ex
1457 2998 1622 3060 locis
1663 2997 2003 3082 importari
2033 2996 2152 3059 ali-

165 3080 312 3165 quid
349 3099 588 3140 rerum
635 3079 1151 3142 necessariarum
1242 3094 1423 3142 osset
1449 3121 1466 3152 ,
1533 3080 1745 3163 Appia
1785 3078 1888 3141 via
1920 3077 2152 3140 urbem

164 3176 395 3243 petens
416 3203 434 3234 ‚
498 3159 856 3244 adsumptis
891 3161 1133 3236 ceteris
1218 3161 1481 3236 ucibus,
1529 3161 1699 3224 intra
1735 3160 2001 3224 tertium
2036 3157 2152 3222 de-

167 3245 402 3305 cimum
440 3241 731 3327 lapidem
768 3240 963 3307 castra
1002 3243 1244 3328 posuit.

274 3328 396 3389 IX.
446 3325 691 3388 Contra
723 3324 801 3385 ab
833 3324 997 3386 urbe
1029 3324 1259 3386 consul
1295 3321 1647 3396 Octavius,
1688 3342 1833 3384 cum
1862 3324 1939 3385 P.
1962 3322 2154 3385 Cras·

168 3429 232 3468 so
268 3422 338 3470 et
383 3407 470 3488 Q.
508 3406 819 3479 Metello,
882 3405 1297 3468 venientibus
1352 3406 1682 3479 occurrit,
1752 3404 1992 3467 virtute
2032 3424 2152 3466 nu-

164 3488 808 3573 meroquemilitum
850 3508 981 3549 non
1041 3486 1323 3554 inferior
1338 3507 1359 3566 3
1432 3507 1515 3549 ne
1564 3507 1644 3550 ue
1701 3486 1909 3571 impar
1948 3505 2031 3547 ne
2079 3504 2152 3547 o·

166 3571 270 3633 tiis
298 3615 316 3645 ‚
381 3569 521 3634 nisi
609 3569 777 3643 uod,
836 3569 1035 3631 rebus
1071 3568 1384 3641 turbatis,
1428 3590 1502 3632 ea
1555 3589 1657 3629 em
1696 3567 1907 3628 omnia
1950 3586 1985 3628 c
2080 3586 2152 3628 o-

163 3651 399 3715 dienda
434 3671 550 3715 cre
601 3652 768 3721 ebat,
812 3671 977 3736 quae
1015 3670 1159 3712 com
1198 3652 1377 3734 posita*
1410 3651 1746 3748 republica
1782 3663 1966 3711 erant
1995 3667 2151 3711 con-

160 3730 390 3799 stituta.
479 3734 640 3796 Inde
676 3733 850 3795 lenta
881 3745 947 3796 et
983 3673 1293 3817 impedita
1323 3732 1599 3795 consilia
1634 3731 1821 3820 quasi
1865 3729 2154 3795 vinctum
2189 3803 2198 3810 ,

229 3920 377 3993 Cap.
411 3919 548 3974 VH.
589 3918 749 3976 vell.
778 3936 831 3986 a,
861 3936 948 3978 αι.
1021 3919 1291 3985 Oros.'5‚
1332 3938 1354 3973 ι
1402 3959 1420 3975 .
1473 3916 1727 3990 Appian.
1774 3915 1892 3971 Jul.
1925 3916 2150 3990 Obseq.

162 3988 310 4064 I’lut.
354 3992 575 4071 Pomp.
620 4004 674 4045 c.
714 4006 764 4044 ι.
837 3986 952 4042 Jul.
985 3990 1205 4061 Obseq.
1254 3937 1411 4044 Veli.
1458 3987 1612 4040 Plut.
1648 3985 1722 4039 de
1755 3983 1845 4038 his
1877 3985 1976 4060 qui
2010 3993 2147 4040 sero

165 4073 195 4109 a
214 4075 371 4117 num.
389 4067 744 4136 pumuntur,
773 4075 827 4112 c.
850 4058 934 4112 16.
1007 4057 1155 4129 Cap.
1174 4059 1338 4115 vul.
1361 4058 1412 4111 A
1454 4056 1610 4139 pian.
1640 4053 1761 4108 Liv.
1783 4055 1944 4125 Epit.
1967 4053 2142 4112 Oros·

162 4128 419 4201 Appian.
490 4128 636 4207 Cap.
667 4128 771 4186 I‘X.
809 4124 964 4186 Plut.
990 4128 1145 4186 Mar.
1178 4145 1235 4185 c.
1259 4143 1355 4202 7¹·
1460 4142 1522 4184 io
1549 4122 1710 4198 apud
1726 4125 1921 4182 Vales-
1985 4169 2002 4182 .
2073 4139 2086 4156 ¹
