2717 4667
1040 48 1047 58 ¹
1109 37 1132 68 0

486 111 514 144 x
892 109 900 122 .
1348 115 1352 118 Δ

351 225 369 255 ι
418 187 428 198 ’
511 196 636 272 418
740 195 1146 260 FREINSH.
1176 190 2021 258 SUPPLEMENTORUM
2048 192 2453 255 LmLxm.

177 407 244 462 U.
270 422 324 462 c.
346 407 473 476 684.
518 384 925 488 provinciam
963 424 1102 465 eam
1135 402 1263 464 sibi
1292 401 1670 466 destinabat.
1758 401 2097 466 sedidem
2172 399 2346 463 ostea
2375 422 2542 463 con-

176 480 249 534 A·
283 480 459 537 00⁶8·
516 481 650 561 sul,
701 509 897 571 quum
938 488 1210 548 sortitus
1248 486 1510 548 Cretam
1548 487 1705 547 effet
1728 528 1744 558 ,
1787 505 2009 547 amore
2044 425 2229 546 urbis
2265 498 2336 546 et
2361 483 2540 564 judi-

519 571 811 640 ciorum,
872 570 941 628 in
983 568 1222 652 quibus
1262 568 1613 652 regnabat,
1669 569 1942 630 Metello
1982 567 2341 629 exercitum
2378 587 2543 651 pro-

512 652 943 735 vinciamque
987 650 1360 712 transdidit.
1444 652 1788 724 MetelluS‚
1862 672 2058 734 quum
2105 650 2368 711 feciss'et
2425 670 2541 709 ex·
2587 667 2600 698 ·‘
2693 665 2694 672 ¹

513 734 963 808 scansionem,
1028 745 1487 808 occurrentem
1524 732 1836 795 sibisscum
1864 753 1942 794 co
1994 732 2081 792 iis
2111 731 2178 792 in
2210 731 2542 813 Cydonia-

509 831 724 878 tarum
757 835 920 897 agro
949 812 1330 876 Lasthenem
1366 815 1583 899 primo
1618 815 1903 880 adventu
1969 813 2141 875 udit:
2188 828 2287 886 et,
2336 834 2425 884 ex
2451 835 2540 876 eo

508 898 769 982 proelio
813 901 1178 981 Imperator
1224 898 1624 982 appellatum,
1691 898 1944 959 incolas
1989 896 2160 958 intra
2201 895 2541 978 Cydoniae

508 980 772 1062 moenia
817 978 1188 1063 compulsos
1236 979 1587 1058 obsidione
1634 980 1887 1042 clausit.
1974 979 2057 1039 Ei
2100 992 2235 1039 tum
2281 979 2544 1063 oppido

480 1065 799 1146 ,Panare's
832 1075 1177 1158 praeerat,
1224 1061 1403 1147 quod
1443 1062 1700 1147 elapsus
1738 1060 1895 1146 fuga
1928 1056 2282 1124 Lasthenes
2320 1065 2550 1125 Gnos-

514 1167 657 1210 sum
710 1144 1064 1229 petiviss'et.
2157 1165 2164 1174 ’

138 1298 490 1369 «regumn,
637 1277 967 1346 LXXXV.
1033 1278 1214 1338 Inter
1263 1274 1430 1347 haec
1476 1275 1755 1337 Lucullo
1809 1271 1892 1336 ad
1931 1275 2238 1349 Nisibin,
2313 1296 2547 1361 neque

134 1366 492 1424 Mithridates
515 1360 724 1444 magis
774 1361 845 1421 in
887 1358 1232 1436 vincendis
1271 1356 1598 1430 hostibus,
1661 1377 1851 1440 quam
1895 1359 2314 1421 continendis
2356 1360 2544 1434 suis,

133 1442 315 1492 *ΜΝ
348 1451 492 1496 recu-
519 1457 875 1527 occupato,
934 1461 1164 1525 magna
1200 1462 1354 1524 pars
1396 1440 1750 1517 Armeniae
1790 1440 2123 1527 Pontique
2175 1463 2211 1502 a
2258 1440 2550 1525 regibus

130 1520 356 1577 “7⁶⁸“
517 1523 828 1588 abstracta
858 1522 966 1586 est.
1058 1524 1323 1585 Etenim
1351 1523 1708 1606 Tigranes,
1757 1521 1936 1621 quod
1966 1525 2390 1585 munimentis
2418 1524 2545 1587 Ni-

521 1608 685 1671 sibis
724 1605 1112 1679 confideret,
1160 1606 1232 1667 in
1272 1604 1396 1666 alia
1425 1619 1732 1682 :verterat
1766 1617 2102 1689 impetum,
2148 1607 2548 1691 pulsumque

519 1693 598 1754 L.
642 1690 996 1763 Fannium,
1038 1690 1369 1772 receptis,
1423 1708 1585 1775 quae
1630 1687 1748 1748 ille
1784 1702 2120 1762 tenuerat,
2218 1689 2379 1750 leris
2434 1709 2547 1762 ue,

491 1775 593 1842 ain
626 1773 878 1835 munito
912 1769 1195 1855 quodam
1233 1771 1381 1832 loco
1419 1770 1867 1831 circumsedit.
1956 1770 2091 1833 Sed
2120 1712 2235 1832 ilfa
2273 1771 2388 1854 qui
2445 1792 2555 1833 em

520 1857 783 1922 Luculli
835 1853 1080 1915 auxilio
1134 1865 1474 1936 exemptus
1529 1849 1637 1912 est.
1697 1850 2138 1928 ‚Mithridates
2192 1872 2339 1915 cum
2383 1876 2553 1938 qua-

520 1952 676 2001 tuor
721 1936 1014 1998 millibus
1068 1955 1336 1997 suorum
1377 1934 1700 2007 militum,
1766 1935 2173 2023 totidemque
2212 1935 2552 2000 submiffis

521 2043 562 2083 a
598 2019 922 2102 Tigrane,
984 2019 1309 2079 minorem
1334 2016 1729 2077 Armeniam
1776 2016 2159 2116 vicinasque
2207 2019 2271 2080 ei
2314 2019 2552 2106 regio-

524 2122 646 2164 nes
682 2099 959 2174 obiens,
1016 2100 1256 2173 multos
1296 2101 1780 2173 Romanorum,
1841 2100 2390 2186 necopinantibus
2442 2105 2555 2163 su'.

525 2178 1483 2270 perveniens,interficiebat3
1535 2180 1880 2265 permultis
1927 2204 2012 2266 op
2063 2184 2191 2246 idis
2231 2181 2546 2246 castellis-

529 2287 659 2350 que
697 2287 927 2350 magna
953 2264 1295 2327 celeritate
1325 2265 1761 2348 recupera-tis.
1849 2269 2009 2327 Nam
2084 2268 2370 2345 ominum
2405 2267 2546 2328 ani-

527 2370 674 2410 mos
712 2350 776 2411 ei
812 2370 946 2410 non
986 2346 1341 2409 adsuetudo
1381 2360 1625 2408 tantum
1658 2346 1974 2431 parendi,
2017 2362 2085 2410 et
2113 2368 2368 2412 morum
2405 2351 2550 2411 ori-

531 2431 842 2516 ginisque
903 2430 1274 2493 communio
1335 2428 1765 2514 conciliabat,
1839 2427 1960 2491 sed
2015 2432 2207 2493 etiam
2264 2428 2552 2494 hostium

531 2514 716 2578 vitia.
763 2514 1010 2598 quippe
1048 2512 1271 2575 relicti
1308 2532 1344 2571 a
1371 2510 1682 2583 Lucullo,
1730 2525 1802 2572 ut
1830 2512 2036 2574 victas
2069 2514 2448 2598 provincias
2480 2529 2555 2579 et

432 2637 435 2640 ι
530 2596 658 2676 jam
700 2599 1027 2660 Romanas
1075 2607 1459 2669 tuerentur,
1522 2593 1941 2677 negligenter
1983 2610 2051 2659 et
2084 2618 2277 2662 avare
2319 2618 2390 2660 se
2431 2619 2556 2683 ge-

532 2679 789 2741 rebant.

201 2817 408 2873 ramus·
426 2818 513 2873 A.
657 2802 1014 2867 LXXXVI.
1057 2799 1519 2864 Perniciosum
1561 2800 1631 2863 id
1672 2804 1761 2866 M.
1796 2800 2004 2864 Fabio
2045 2800 2335 2865 Adriano
2375 2801 2551 2884 fuit,

148 2890 509 2946 arianusvin·
536 2883 704 2946 locis
737 2885 872 2946 illis
903 2884 1226 2969 praesidii
1262 2885 1471 2946 cauffa
1509 2904 1654 2946 cum
1685 2899 1871 2967 parte
1908 2885 2246 2969 copiarum
2267 2886 2555 2948 relicto.

149 2962 302 3014 citur
333 2976 370 3011 ⁰
401 2957 507 3010 Μῖ·
534 2968 654 3028 Ille
699 2969 1103 3065 speculatum
1142 2966 1570 3051 praemiserat
1599 2965 1919 3042 Thracas,
1984 2968 2098 3054 qui
2142 2968 2328 3051 prius
2373 2968 2558 3052 apud

150 3026 422 3084 'mmm‘
532 3044 991 3113 Mithridatem
1059 3063 1436 3111 meruerant
1495 3046 1809 3132 stipendia
1833 3092 1850 3122 ,
1927 3064 2121 3133 atque
2157 3050 2420 3111 iterum
2481 3051 2557 3111 in

531 3147 758 3224 partes
803 3132 985 3194 illius
1025 3132 1445 3194 inclinabant.
1529 3130 1774 3213 Igitur,
1867 3154 2017 3193 uum
2061 3132 2226 3193 nihil
2262 3132 2401 3193 sani
2439 3153 2557 3193 re-

533 3215 957 3290 nunciassent,
1005 3215 1279 3276 Fabium
1310 3235 1459 3277 cum
1491 3213 1811 3275 militibus
1874 3215 2108 3298 ongius
2184 3214 2560 3296 rogress'um

534 3297 956 3361 Mithridates
998 3317 1080 3359 ex
1111 3296 1468 3381 improviso
1510 3294 1599 3362 est
1633 3296 1936 3358 adortus:
1984 3311 2051 3359 et
2084 3300 2139 3357 T
2190 3316 2397 3369 ηερε,
2446 3297 2558 3357 in-

532 3393 642 3442 ter
679 3381 1011 3465 proelium
1049 3392 1291 3441 mutata
1331 3377 1463 3442 fide
1487 3421 1505 3454 ,
1563 3381 1917 3440 Romanam
1960 3379 2167 3441 aciem
2206 3392 2561 3441 exterrue-

322 3525 331 3536 ,
396 3527 429 3537 ..
470 3529 479 3534 ,
535 3477 727 3526 runt:
772 3462 1143 3549 amiffisque
1181 3461 1453 3526 circiter
1491 3461 1871 3547 quingentis
1903 3460 2258 3536 militibus,
2304 3461 2561 3524 Fabius

537 3543 610 3607 in
646 3539 847 3609 castra
884 3567 997 3612 sua
1033 3567 1106 3609 se
1141 3545 1420 3629 recepit.

139 3647 519 3777 νῖίιίξξῖἐιξεῖοε
666 3654 1053 3768 LXXXVII.
1114 3651 1477 3731 Postridie,
1538 3651 1685 3718 data
1729 3652 1943 3719 servis
1966 3695 1984 3730 ‚
2032 3663 2359 3744 quotquot
2397 3648 2563 3718 ade-

613 3846 762 3919 cap.
794 3839 1439 3917 Lxxxtv.»xiphmn.
1481 3841 1608 3901 cic.
1637 3839 1841 3898 Divin.
1879 3839 1942 3895 in
1974 3840 2197 3899 eaecn.
2239 3858 2380 3908 c.7.
2425 3839 2565 3895 Ple-

544 3931 663 3988 gon
695 3914 1046 3997 apud-Phot.
1085 3913 1214 3997 Cic.
1248 3932 1365 3996 pro
1387 3914 1546 3969 Mur.
1588 3931 1641 3967 c.
1662 3913 1750 3968 35.
1793 3911 2078 3995 Phlegon.
2117 3912 2375 3984 Appian.
2396 3927 2519 3992 apu

538 3985 714 4040 Fulv.
753 3984 954 4038 Ursm.
987 3994 1047 4038 et
1068 3984 1381 4055 LunEpnt.
1454 3984 1601 4055 Cap.
1625 3983 1900 4036 LXXXV.
1939 3982 2140 4047 D1o‚l.
2163 3986 2250 4038 35.
2293 3982 2562 4051 Appian-

465 4052 469 4056 ’
540 4050 818 4110 Mithrid.
857 4050 999 4112 Dio.
1034 4052 1293 4127 Eutrop.
1348 4051 1825 4145 Cap.LXXXV1.
1858 4050 1997 4109 Dio.
2048 4050 2561 4124 Cap.LXXXVH.
2600 4077 2607 4084 ·
2693 4069 2694 4072 ¹

546 4120 808 4198 Appian.
