2717 4667
27 4469 42 4578 ..Ἠ

519 209 642 272 302
695 207 1253 273 FREINSHEMII
1273 198 2103 274 SUPPLEMENTORUM
2117 199 2267 262 Lus.
2285 199 2476 266 LVII.

359 415 485 486 676.
527 434 663 497 que
687 414 939 476 viribus
967 437 1012 475 -a
1047 409 1225 477 sext'a
1257 410 1392 474 diei
1412 408 1585 475 ,hora
1606 451 1623 482 ,
1669 407 1878 469 donec
1908 374 2133 474 stellae
2166 408 2354 471 coelo
2375 407 2509 469 ful·
2594 409 2601 414 ’
2692 483 2693 494 ¹

186 411 259 469 U.
285 433 338 471 c.

189 487 260 546 Α·
294 486 482 560 0·;’76·
527 508 773 556 serunt.
847 497 941 557 'In
986 517 1066 558 eo
1109 493 1463 558 certamine
1506 490 1951 552 C.‘Memmius
1996 487 2291 574 quaestor
2317 491 2511 550 Pom-

135 589 140 592 *
370 609 379 615 ·
419 599 456 616 ³
612 576 698 656 ji,
744 575 847 638 vir
879 577 1148 639 militiae
1184 574 1639 660 peritiss'imus,
1699 570 2040 647 occubuit3
2102 584 2169 633 et
2196 591 2329 633 sex
2367 572 2513 632 mil-

523 598 611 719 li}
651 658 1192 741 Pompeianorum
1233 670 1384 720 sunt
1427 652 1807 716 interfecta:
1875 652 1957 713 de
1992 652 2388 732 Sertorianis
2434 652 2517 713 ad

525 740 730 801 millia
776 740 902 800 tria
950 740 1349 803 ceciderunt.
1432 737 1703 798 Interim
1732 736 2053 798 .Metellus
2096 734 2185 810 ⁴de
2227 736 2516 821 Perper-

523 842 648 881 nae
693 822 989 882 exercitu
1024 821 1104 883 ad
1136 819 1658 905 milliapquinque
1692 816 1999 880 concidit.
2294 821 2299 822 ⁷

227 954 435 1011 Motene·
625 951 759 1011 ·x1.
814 950 1056 1032 Igitur,
1115 939 1312 1010 illatis
1369 949 1438 1010 in
1490 968 1628 1010 eam
1679 961 1933 1032 partem
1983 949 2226 1031 signis,
2288 950 2518 1011 Serto-

153 1026 470 1094 P‘walflm·
528 1030 668 1093 rius
709 1032 787 1104 ad
827 1031 1030 1113 ipsum
1067 1043 1275 1114 usque
1311 1031 1807 1114 imperatorem,
1851 1032 2060 1108 pulsis
2099 1024 2516 1097 obstantibuS,

527 1114 915 1198 penetravit.
1000 1112 1154 1183 Ille,
1215 1129 1594 1195 quamquam
1636 1108 1823 1169 senio
1864 1120 2273 1188 gravaretur,
2320 1107 2519 1168 sorti-

526 1210 633 1257 ter
666 1194 929 1265 restitit,
977 1194 1354 1276 animosque
1402 1208 1702 1263 suorum,
1763 1191 1971 1272 prope
2009 1187 2366 1271 deploratis
2407 1208 2519 1248 re·

527 1277 690 1349 bus,
736 1295 931 1348 voce,
974 1296 1200 1345 manu,
1246 1273 1545 1357 exemplo
1584 1271 1866 1354 denique
1902 1268 2324 1332 confirmavit.
2382 1269 2522 1331 Sed

529 1360 805 1421 immane
861 1371 1165 1441 quantum
1208 1356 1401 1416 animi
1448 1352 1783 1426 exarsere,
1842 1350 2170 1436 postquam
2212 1353 2521 1414 vulnera-

532 1456 665 1502 tum
707 1438 840 1502 ictu
871 1439 1159 1522 tragulae
1194 1437 1523 1504 viderunt.
1583 1449 1729 1496 tum
1751 1433 1923 1497 enim
1956 1432 2236 1517 pudore,
2278 1454 2367 1494 ne
2402 1432 2523 1495 de-

533 1521 799 1584 feruiffe
833 1523 1295 1604 imperatorem
1330 1519 1739 1589 dicerentur,
1802 1529 1867 1578 et
1907 1535 1982 1577 ea
2016 1528 2222 1577 aetate
2259 1516 2479 1577 virum
2501 1560 2519 1589 ‚

532 1605 977 1689 periculorum
1033 1621 1190 1685 prae
1247 1602 1344 1662 ira
1402 1599 1626 1672 obliti,
1689 1598 2073 1682 repulerunt
2128 1595 2403 1669 hostes„
2454 1613 2555 1660 et-

495 1707 500 1714 *
534 1686 907 1759 Metellum,
968 1683 1171 1769 scutis
1215 1683 1488 1765 objectis
1526 1694 1984 1766 protegentes,
2030 1680 2400 1742 extulerunt
2443 1700 2530 1742 ex

538 1788 701 1830 acie.

238 1913 515 1969 Sertorius
555 1955 562 1960 ,
658 1889 798 1974 XII.
860 1895 1232 1968 Sertorius,
1292 1894 1568 1956 amiss'am
1613 1916 1649 1958 e
1690 1895 1984 1958 manibus
2026 1914 2235 1991 prope
2279 1908 2532 1957 certam

164 1986 394 2036 includit
426 2001 481 2035 sn
541 1979 878 2042 victoriam
916 1976 1182 2047 dolenS,
1238 1975 1507 2059 vespera
1549 1979 1884 2061 sequentis
1920 1978 2094 2050 diei,
2154 1998 2348 2059 quum
2386 2000 2528 2039 ma-

166 2054 447 2123 0‘1123us‘1'·
533 2083 664 2145 gna
707 2059 788 2119 ad
824 2080 973 2120 eum
1013 2053 1245 2122 auxilia
1282 2059 1721 2140 Hispanorum
1763 2059 2114 2131 veniss'ent‚
2159 2056 2351 2119 castra
2381 2064 2531 2121 Me-

538 2143 681 2204 telli
719 2140 934 2202 subito
972 2160 1350 2223 oppugnare
1382 2139 1645 2206 adortus
1677 2140 1783 2204 est.
1830 2142 1967 2216 sed,
2013 2141 2531 2222 superveniente

537 2222 891 2318 Pompejo,
925 2222 1248 2304 ,Calaguri
1285 2235 1589 2285 montano
1636 2238 1701 2285 et
1737 2224 1981 2285 munito
2022 2220 2299 2306 oppido,
2343 2223 2534 2307 qnod

458 2359 461 2363 Α
539 2326 763 2391 paucis
799 2304 952 2366 inde
988 2304 1272 2368 millibus
1307 2304 1548 2377 aberat,
1597 2326 1668 2368 se
1698 2305 1984 2379 inclusit,
2030 2318 2120 2376 ut,
2168 2304 2231 2363 in
2269 2325 2340 2364 se
2369 2307 2532 2366 avo-

542 2389 702 2449 catis
736 2387 1044 2447 Romanis
1084 2385 1393 2458 ducibus»,
1447 2399 1651 2448 tutum
1693 2389 1827 2449 suis
1866 2388 2102 2450 abitum
2147 2383 2528 2468 praestaret.

540 2469 837 2540 Romani,
883 2490 1077 2553 quum
1107 2488 1317 2551 neque
1352 2470 1660 2554 persequi
1688 2472 1999 2555 palantes»,
2022 2463 2163 2529 ⁸nec
2195 2487 2533 2551 expugna-

545 2573 618 2614 re
653 2548 1025 2615 resistentes
1051 2552 1322 2635 poss'ent,
1369 2552 1671 2632 gravibus
1710 2552 1788 2613 ab
1821 2573 1899 2613 eo
1934 2550 2180 2613 damnis
2211 2570 2335 2633 per
2363 2570 2531 2612 con-

544 2634 754 2696 tinuas
793 2633 1167 2716 eruptiones
1202 2630 1463 2702 adfecti,
1511 2632 1631 2694 ‘am
1668 2647 1960 2718 tempore
1997 2632 2145 2693 anni
2181 2631 2528 2707 invitante,

544 2715 795 2776 relictis
843 2714 921 2774 ad
968 2712 1376 2775 obsidionem
1418 2654 1921 2799 Caiaguritanam
1967 2712 2221 2775 idoneis
2265 2714 2527 2797 copiiS,

544 2794 612 2856 in
650 2796 921 2857 hiberna
959 2795 1405 2857 discesserunt.
1465 2797 1644 2858 Haec
1681 2797 1769 2860 ita
1813 2795 1979 2880 apud
2016 2795 2178 2857 alios
2215 2809 2533 2874 auctores

455 2889 481 2954 ’,
543 2878 831 2961 reperio.
869 2925 876 2934 .
912 2877 1138 2940 Livius
1192 2898 1227 2937 a
1273 2878 1542 2941 Metello
1591 2880 1954 2943 Sertorium
2005 2891 2070 2938 et
2118 2878 2529 2960 Perpernam

543 2979 688 3020 cum
738 2958 988 3028 duobus
1044 2958 1441 3022 exercitibus
1486 2958 1662 3023 fusos
1705 2959 2089 3055 fugatosque
2133 2958 2527 3042 scripserat;

539 3041 957 3125 Pompeium,
999 3054 1249 3124 partem
1288 3040 1599 3106 victoriae
1638 3042 1819 3107 ferre
1859 3056 2247 3125 cupientem,
2291 3063 2529 3125 parum

541 3123 853 3207 prospere
893 3124 1285 3208 pugnaviss'e.

217 3261 428 3318 Meum
440 3265 516 3318 ae'n.
662 3255 828 3315 xm.
874 3252 1074 3318 Certe
1095 3258 1398 3320 Metellus
1428 3261 1888 3341 Imperatorem
1920 3275 1992 3318 se
2025 3254 2108 3317 ob
2135 3252 2342 3315 fusum
2377 3255 2529 3319 acie

186 3347 489 3415 munerans
548 3337 909 3398 Sertorium
940 3338 1288 3421 appellari,
1332 3339 1624 3423 adeoque
1664 3339 1958 3400 omnibus
1990 3336 2283 3398 humanis
2312 3336 2530 3399 hono-

184 3404 459 3495 ἔπη-η’·
507 3446 513 3453 ·
546 3418 727 3479 ribus
764 3419 896 3480 coli
933 3419 1140 3502 pass'us
1179 3418 1297 3494 est,
1340 3435 1412 3483 ut
1439 3441 1521 3482 ne
1558 3420 1819 3505 quidem
1857 3442 1891 3480 a
1925 3418 2161 3481 divinis
2197 3432 2529 3503 tempera-

364 3497 370 3512 “
544 3516 669 3563 ret.
726 3502 1213 3562 In‘ulteriorem
1242 3501 1621 3586 Hispaniam
1657 3502 2003 3586 regressus,
2046 3519 2270 3583 magna
2309 3502 2531 3583 gloria
2606 3563 2615 3572 ,

527 3581 1071 3644 *concurrentium
1117 3582 1273 3644 nndi
1322 3604 1404 3662 ue
1448 3585 1739 3645 virorum
1781 3582 2293 3666 feminarumque
2316 3623 2334 3657 ‚
2379 3583 2526 3648 vias

546 3682 620 3724 ac
661 3677 829 3726 tecta
862 3662 1113 3729 visendi
1150 3686 1266 3728 cau
1317 3687 1353 3727 a
1388 3665 1816 3750 replentium,
1862 3663 2290 3749 spectabatur.
2321 3718 2325 3724 .

615 3898 760 3969 Cap.
791 3900 862 3953 X.
900 3900 1072 3955 Oros.
1110 3900 1261 3957 Plut.
1298 3900 1549 4025 Alppian.
1621 3902 1768 3976 Cap.
1796 3903 1896 3959 xl.
1932 3901 2086 3957 Plut.
2125 3899 2266 3956 Sall.
2303 3871 2528 3966 Histra}

554 3982 637 4019 ιο.
670 3978 728 4021 et
751 3986 804 4034 q.
843 3967 995 4023 Plut.
1087 3968 1232 4042 Cap.
1262 3971 1340 4024 XI
1372 4006 1390 4025 .
1439 3970 1691 4043 Appian.
1729 3972 1856 4027 Liv.
1890 3970 2048 4043 Epit.
2085 3968 2236 4024 Plut.
2272 3968 2527 4025 Ptolem.

546 4033 700 4159 ξέῑῑᾶἰ
752 4035 1004 4110 Appiano
1052 4038 1182 4094 Liv-
1218 4038 1379 4113 Epito
1448 4041 1593 4114 cap·
1627 4041 1782 4100 XIII·
1834 4041 1986 4150 Pil-lt·
2037 4037 2179 4098 sano
2214 4036 2351 4094 Hist‘
2380 4056 2447 4141 ξ).
2466 4042 2528 4107 Τ.
