2717 4667
564 294 653 355 m
692 292 992 357 LocUM
1035 294 1196 355 Lm.
1249 295 1477 361 xclv.
1521 297 1746 394 mvn.
1990 321 2009 335 =
2034 300 2156 382 327

193 493 523 557 consultum
576 498 858 580 putabat.
964 502 1084 569 Et,
1161 502 1312 585 quia
1370 502 1884 565 Chalcedonensi
1940 527 2151 589 pugna

193 579 470 656 Cyziceni
525 579 752 640 decem
795 597 992 642 naves
1040 602 1182 642 cum
1230 583 1437 644 tribus
1487 584 1819 645 hominum
1865 589 2152 651 millibus

190 660 537 733 amiserant,
582 674 760 722 tanto
798 663 1061 724 facilior
1097 677 1236 725 erat
1269 659 1485 726 futura
1523 666 1702 727 urbis
1738 671 2149 766 expugnatio,

188 743 444 823 pretium
485 757 698 804 autem
739 764 1015 827 operae,
1064 747 1122 807 si
1153 747 1425 826 Cyzicus
1459 762 1638 831 capta
1682 749 1872 822 effet,
1916 772 2151 834 ingens

188 820 653 888 ostendebatur:
718 840 820 897 et,
882 826 1000 889 hac
1037 828 1236 905 'velut
1292 827 1479 909 janua
1533 831 1726 891 Asiae
1784 834 2179 916 perfractas
2280 867 2285 874 ·

186 905 446 966 futurum
479 922 650 980 erat,
697 923 769 970 ut
801 909 1038 970 victori
1070 923 1205 971 tota
1281 911 1572 973 rovincia
1601 927 1877 994 pateret.
1941 917 2150 978 Acce-

188 986 386 1060 debat,
434 990 610 1071 quod
648 992 733 1052 ita
773 991 987 1051 omnia
1025 992 1105 1052 ad
1145 1014 1224 1053 ur
1257 1012 1375 1070 ,em
1413 989 1627 1054 clausa
1668 995 2145 1072 itineraerant,

184 1083 244 1129 ut
277 1071 617 1154 oppidani,
683 1074 836 1133 licet
884 1074 951 1133 in
999 1073 1346 1157 conspectu
1397 1073 1713 1142 haberent
1747 1080 2004 1141 Luculli
2043 1098 2148 1142 ca-

182 1149 318 1222 stra,
358 1166 609 1228 tamen,
656 1154 766 1215 ubi
809 1155 1008 1230 estet,
1052 1157 1455 1240 ignorarent.

2210 507 2284 632 rs:
2258 439 2263 450 „

2299 525 2359 632 02²

2348 510 2447 647 *aa*

281 1279 359 1338 X.
418 1276 683 1362 Quippe
726 1278 1029 1360 Cyziceni
1074 1279 1140 1341 in
1189 1300 1267 1342 co
1314 1279 1578 1341 nomine
1626 1279 1826 1341 insula
1870 1278 1948 1340 ad
1979 1282 2146 1343 Pro·
2218 1286 2465 1358 Cyziceni

219 1361 492 1421 ontidem
536 1360 873 1436 colebant3
938 1374 1004 1424 et
1038 1361 1264 1423 Mithri
1314 1375 1490 1432 ates,
1534 1363 1739 1428 milite
1778 1361 2144 1436 abundans,
2172 1368 2323 1410 ΜΝ
2357 1356 2522 1408 ’'mr“

218 1463 382 1503 ecem
423 1464 459 1503 a
494 1457 670 1506 terra
709 1439 926 1505 castris
979 1443 1289 1540 oppidum
1337 1443 1708 1506 adsidebat:
1771 1459 1836 1506 et
1887 1444 1968 1505 ad
2009 1444 2144 1506 fre·
2170 1440 2267 1497 que
2296 1425 2489 1480 ‘mm‘

175 1540 286 1587 tum
313 1567 329 1598 ,
390 1546 522 1607 quo
561 1546 596 1585 a
634 1525 996 1588 continenti
1034 1524 1402 1598 dirimitur,
1461 1540 1741 1621 utroque
1789 1527 1991 1588 latere
2034 1548 2144 1587 na·
2476 1547 2481 1570 ¹

170 1628 269 1669 ves
305 1606 813 1690 quadringentas
854 1607 1258 1669 admoverat:
1307 1623 1373 1671 et
1401 1607 1683 1679 barbari,
1725 1610 2009 1670 Romana
2039 1629 2145 1669 ca-

168 1687 273 1748 ssra
323 1688 534 1770 digito
585 1686 1047 1764 monstrantem
1110 1685 1393 1753 obsess'os
1450 1689 1755 1750 horribili
1803 1689 2189 1752 mendacio*

167 1770 523 1843 terrebant,
585 1771 1042 1832 Armeniorum
1081 1771 1554 1857 Medorumque
1598 1771 1809 1832 miss‘as
1849 1793 1882 1832 a
1912 1769 2145 1855 Tigra-

163 1873 234 1912 ne
268 1851 494 1934 copias
535 1849 629 1914 ibi
671 1851 1030 1913 consediss'e
1072 1851 1469 1916 dictitantes.·
1562 1857 1711 1915 Non
1765 1868 1975 1915 tamen
2027 1852 2145 1915 de·
2202 1893 2208 1900 ·

161 1932 552 2017 sponderunt
605 1935 920 2007 animum,
989 1955 1372 2018 quamquam
1427 1955 1668 1997 summa
1723 1933 2144 1997 contentione

163 2015 581 2099 omnibusque
630 2015 884 2078 viribus
939 2013 1522 2099 oppugnarentur.‘
1579 2018 1836 2077 Etenim
1880 2016 2144 2078 Mithri-

160 2097 327 2161 dates
356 2141 374 2171 ,
422 2112 612 2181 capto
652 2098 966 2159 suburbio
992 2140 1008 2169 ,
1051 2098 1298 2160 navalia
1333 2098 1581 2183 duplici
1616 2119 1804 2159 muro
1841 2097 2142 2182 obrepse-

157 2194 282 2242 rat:
347 2193 452 2252 et,
510 2181 764 2265 reliqua
800 2179 967 2242 urbe
1005 2180 1483 2243 circumvallata
1512 2223 1529 2253 ,
1588 2200 1855 2262 magnos
1901 2181 2143 2244 excita-

153 2262 254 2324 bat
307 2265 631 2346 aggeres,
697 2262 950 2346 aliaque
979 2253 1204 2348 ‘opera
1254 2263 1452 2324 multa
1499 2260 1774 2325 studiose
1821 2261 2142 2341 faciebat3

150 2358 468 2406 turres¹et
505 2341 880 2414 testudines,
926 2358 993 2407 et
1021 2344 1346 2426 insignem
1389 2357 1535 2405 ante
1568 2344 1726 2405 alias
1759 2345 2140 2418 machinam,

152 2441 407 2488 centum
452 2427 821 2489 cubitorum
859 2425 1229 2509 helepolin,
1290 2448 1328 2488 e
1370 2447 1495 2510 qua
1540 2425 1746 2490 turris
1788 2426 1910 2488 alia
1947 2427 2141 2487 tolle·

146 2508 372 2581 hatur,
433 2508 774 2593 catapultis
822 2508 1163 2581 instructa,
1227 2529 1391 2592 quae
1430 2508 1711 2569 telorum
1759 2521 1826 2569 et
1861 2508 2148 2594 lapidum

148 2593 658 2674 quaquaversum
712 2591 888 2652 velut
945 2585 1220 2653 imbrem
1278 2603 1706 2675 spargerent,
1783 2590 2152 2662 Niconidae,

145 2659 427 2735 Thess'ali
472 2694 671 2757 opus-
746 2672 850 2733 Ad
891 2688 1121 2758 portus
1158 2694 1365 2757 porro
1409 2672 1573 2733 duae
1613 2669 2143 2755 quinqueremes,

141 2755 315 2817 inter
353 2777 425 2817 se
462 2753 742 2818 firmiter
780 2754 1157 2829 devinctae,
1221 2756 1408 2817 aliam
1452 2753 1688 2816 turrim
1730 2751 2144 2826 sustinebant,

142 2836 225 2897 ita
262 2837 684 2907 fabricatam,
747 2850 889 2910 ut„
919 2839 1030 2900 ubi
1078 2857 1265 2899 muro
1310 2837 1566 2900 admota
1606 2836 1796 2911 ess'et,
1861 2858 2028 2922 pons
2066 2855 2149 2897 ex

145 2938 213 2980 ea
249 2920 512 2983 demitti
556 2920 769 2988 subito
802 2920 871 2980 in
912 2920 1167 2984 moenia
1202 2922 1432 3005 poss'et.
1918 2941 1929 2952 “

256 3028 374 3087 XI.
435 3028 562 3088 His
607 3026 905 3088 omnibus
943 3027 1185 3111 paratis
1210 3071 1226 3101 ,
1285 3043 1622 3112 antequam
1659 3023 1794 3086 vim
1829 3037 2135 3097 tentaret,
2188 3023 2535 3081 Mt’fflrt'dm’s

140 3108 433 3190 captivos
486 3109 952 3190 Cyzicenorum
1013 3128 1240 3171 omnes
1298 3111 1365 3170 in
1415 3110 1827 3206 conspectum
1874 3097 2493 3170 suorumstmussm‘·

136 3188 438 3262 adduxit,
484 3212 754 3275 sperans
800 3192 1065 3272 illorum
1111 3190 1379 3254 caritate
1422 3192 1840 3273 lacrimisque
1885 3189 2137 3249 moveri

134 3270 207 3330 ad
243 3271 659 3335 deditionem
695 3273 1058 3357 oppidanos
1090 3275 1290 3356 poss'e.
1380 3274 1513 3336 Sed
1553 3274 1742 3344 illos,
1787 3272 2137 3332 multane-

133 3353 489 3439 quidquam
526 3354 910 3418 obtestantes
934 3398 951 3430 ,
995 3353 1393 3429 Pisistratus,
1441 3356 1910 3438 Cyzicenorum
1946 3372 2137 3435 praeq

130 3443 274 3510 torJ,
343 3436 621 3497 abstinere
655 3437 792 3497 nihil
826 3437 1142 3518 prosicturis
1183 3438 1430 3520 precibus
1459 3437 1670 3519 juss'it3
1729 3455 1820 3509 et,
1867 3445 2138 3514 postquam

117 3519 285 3597 ftmel
336 3522 402 3577 in‘
447 3518 759 3599 potestatem
809 3519 1035 3600 hostium
1076 3518 1338 3602 vemJffi’nt
1358 3562 1377 3595 ,
1433 3523 1672 3604 sortiter
1699 3520 1870 3603 serre
1913 3515 2155 3592 cqlami-'

126 3618 319 3661 tatem.
516 3620 524 3627 ·

241 3710 395 3770 ΧΠ.
442 3707 557 3769 Sic
592 3708 857 3792 exploso
896 3724 1262 3774 commento
1296 3709 1516 3793 regis,
1561 3706 1642 3768 ad
1672 3704 1906 3769 seriam
1942 3699 2132 3763 dimi·
2199 3707 2449 3780 cyziceni

120 3792 459 3853 cntionem
507 3803 802 3854 ventumt
870 3791 1019 3874 quia
1064 3793 1399 3876 progress'a
1452 3792 1521 3853 in
1569 3788 1842 3851 navibus
1887 3779 2457 3858 turri39strenuesse

118 3888 350 3955 ponte*
378 3873 727 3936 moenibus
770 3871 1052 3954 injecto,
1117 3889 1396 3957 quatuor
1442 3886 1716 3937 armatos
1761 3870 1965 3932 muris
2013 3868 2134 3930 im·
2159 3846 2473 3917 d‘s'fflss‘·

183 4061 347 4135 Cap.
384 4063 486 4116 lx.
539 4063 694 4117 Plut.
733 4060 960 4116 Lucull.
1001 4080 1055 4117 c.
1094 4080 1179 4130 ις).
1232 4029 1358 4115 ci'c.
1449 4078 1521 4114 ro
1561 4062 1719 4115 Mur.
1759 4078 1811 4117 c.
1847 4060 1930 4117 15.
1979 4058 2136 4113 Plut.

115 4126 273 4213 Cap..
315 4134 394 4187 X.
447 4131 690 4186 Strabo.
738 4134 893 4186 Plut.
934 4132 1174 4186 Strabo.
1211 4130 1367 4184 Plut.
1455 4129 1645 4184 traho.
1681 4127 1939 4212 Appian.
1980 4130 2135 4211 Plut.

116 4197 418 4274 ΔΡριειιι.“
464 4202 616 4278 cap,
642 4200 743 4260 x1.
775 4200 1049 4259 Frontin.
1090 4200 1271 4258 Strat.
1303 4206 1357 4270 4,
1394 4203 1447 4263 5.
1485 4217 1572 4257 21.
1613 4199 1869 4275 Appian.
