2717 4667
508 312 597 372 ιΝ
634 305 933 374 Locum
970 308 1133 372 Lm.
1175 305 1402 371 xc1x.
1445 301 1671 376 lem
1985 309 2110 391 430

117 519 197 582 At
251 515 473 579 Rhodi
495 547 525 587 ,x
576 536 954 604 quamquam
1010 529 1436 611 properaret,
1505 516 1842 586 differenti
1896 530 2108 580 tamen

117 599 480 663 Posidonio
513 595 694 659 dedit
722 617 760 657 o
812 617 1009 658 eram.
1063 595 1298 657 demde
1329 597 1396 657 in
1422 598 1714 659 Ciliciam
1791 599 2106 673 rofectus‚

118 681 369 745 fontem
409 694 731 764 caputque
765 620 948 752 Belli,
1001 679 1717 763 undequinquagesimo
1797 681 1881 749 ie,
1922 703 2111 765 quam

119 761 482 825 Brundisio
525 761 839 832 solverat,
901 761 1267 823 uni-versam
1311 761 1569 845 redegit
1607 764 1676 824 in
1713 761 2110 846 potestatem.

119 845 184 906 Id
229 845 398 906 adeo
495 856 710 904 raeter
755 842 1038 903 omnium
1081 856 1147 904 et
1187 842 1395 923 ipsius
1435 864 1693 927 quoque
1736 845 2113 929 opinionem

120 927 365 988 factum
400 946 436 986 e
509 969 523 997 ‚
588 938 656 985 ut
693 924 910 1008 potius
944 923 1376 1006 graviss'imum
1416 924 1510 985 ibi
1548 925 1788 987 bellum
1824 946 1967 987 cum
2002 947 2114 988 ex-

123 1007 580 1070 ercitatiss'imis
625 1005 785 1066 mari
824 1004 1233 1078 hominibus,
1282 1019 1346 1067 et
1388 1007 1643 1070 arcibus
1682 1008 2115 1071 munitiss'imis

123 1090 417 1152 futurum
447 1087 816 1150 videretur:
863 1086 1147 1170 ideoque
1188 1088 1460 1149 navibus
1508 1109 1589 1150 ex
1631 1090 1807 1151 omni
1844 1110 2116 1151 numero

28 1201 31 1206 ·
125 1170 404 1233 delectis
452 1165 813 1252 sexaginta,
873 1188 1236 1252 magnoque
1277 1189 1601 1231 armorum
1645 1185 1835 1255 atque
1877 1171 2118 1233 machi·
2195 1238 2201 1244 ⁴

123 1273 354 1314 narum
395 1263 698 1335 apparatu
732 1264 873 1311 erat
909 1250 1267 1333 profectus.
1355 1251 1486 1313 Sed
1529 1252 1692 1313 duae
1730 1254 2120 1337 potissimum

122 1357 233 1398 res
273 1347 595 1394 maturum
632 1331 809 1392 bello
850 1321 1047 1393 {inem
1084 1330 1438 1393 dederuntz
1498 1335 1735 1408 altera,
1781 1348 1998 1396 terror
2039 1356 2121 1396 ex

130 1411 578 1500 magnitudine
623 1412 920 1496 famaque
967 1413 1422 1500 imperatoris;
1480 1416 1716 1486 altera,
1774 1437 1924 1499 spes
2012 1436 2121 1477 ro-

127 1512 278 1581 pter
313 1495 766 1570 lenitudinem,
813 1514 1002 1578 quam
1042 1514 1197 1579 erga
1236 1508 1459 1579 captos
1493 1496 1881 1586 deditosque
1917 1520 1955 1559 o
2011 1517 2122 1559 en*-
2201 1547 2206 1553 .

133 1580 338 1641 derat.

248 1683 516 1748 XXXV.
562 1682 769 1766 Igitur
805 1682 882 1743 ab
924 1681 1100 1743 omni
1136 1697 1345 1766 parte,
1391 1684 1587 1749 vitata
1622 1686 1978 1769 legatorum
2018 1704 2120 1745 se-

2178 1695 2405 1749 Pium
2422 1692 2496 1744 ad

136 1765 444 1838 veritate,
511 1764 588 1825 ad
632 1762 1010 1848 Pompeium
1060 1765 1407 1828 veniebant
1456 1781 1786 1829 oratores:
1852 1780 1917 1827 et
1965 1766 2117 1838 ille,
2146 1763 2483 1847 Canusium

136 1846 420 1928 receptis
477 1847 546 1906 in
598 1843 792 1906 {idem
850 1845 1205 1938 dedititiis,
1265 1847 1494 1908 horum
1548 1849 1794 1910 indicio
1841 1848 2120 1909 latebras
2147 1834 2335 1887 ‘'mci‘’

137 1930 549 2013 peffimorum
576 1927 910 1999 discebat,
958 1928 1106 2011 qui,
1160 1930 1559 1999 conscientia
1600 1932 1920 1992 scelerum
1956 1930 2123 1993 salu-

136 2026 269 2073 tem
332 2010 755 2092 desperantes
775 2052 801 2092 ‚7
874 2008 1257 2092 conjugibus
1314 2009 1675 2096 liberisque
1744 2013 1808 2072 in
1877 2011 2126 2074 castella

135 2093 378 2155 montis
416 2093 617 2153 Tauri
670 2090 1016 2173 sepositis,
1126 2114 1288 2177 rope
1339 2095 1794 2168 Coracesium,
1857 2095 2127 2155 Ciliciae

135 2173 497 2246 castellum,
556 2172 638 2234 ad
688 2170 1000 2234 anchoras
1051 2113 1321 2236 liabent,
1398 2176 1529 2238 Sed
1571 2175 1738 2236 haud
1777 2178 1946 2237 ultra
1988 2174 2127 2259 pri-

131 2249 308 2318 m'um
350 2255 754 2339 congress'um
800 2252 1059 2316 duravit
1098 2256 1202 2317 his
1247 2257 1519 2318 animus.
1590 2255 1790 2318 statim
1828 2257 1970 2354 pari
2011 2278 2126 2318 un-

135 2338 342 2423 dique
388 2336 612 2420 plausu
658 2336 911 2419 signum
963 2335 1308 2399 ediderunt
1350 2337 1744 2408 deditionis,
1808 2339 2148 2420 simulque

130 2421 269 2483 tela
322 2438 396 2481 ac
453 2437 672 2480 remos
729 2413 1121 2497 abjeceruntss
1222 2417 1484 2481 Castella
1547 2419 1787 2481 deinde
1860 2420 2128 2480 maxima

134 2503 310 2574 duo,
363 2504 639 2584 Cragum
674 2512 739 2559 et
760 2499 1179 2585 Anticragum
1215 2514 1483 2573 vocant,
1531 2501 1972 2573 tradentibus,
2015 2498 2128 2582 qui

133 2582 491 2655 tenebant,
538 2594 798 2663 recepta
841 2595 1024 2658 sunt3
1085 2582 1321 2644 deinde
1368 2596 1625 2644 ceterae
1658 2603 1781 2665 per
1812 2584 2130 2666 Asperum

132 2666 444 2729 Ciliciam
503 2681 708 2724 arces.
806 2665 878 2722 ln
926 2662 1028 2734 his
1069 2663 1326 2726 navium
1368 2683 1689 2725 armorum
1740 2684 1819 2725 ue
1866 2663 2128 2724 inchoa-

132 2763 364 2812 torum
404 2743 915 2826 effectorumque
957 2763 1183 2830 magna
1225 2747 1327 2808 vis
1367 2747 1627 2810 inventa
1662 2685 1782 2819 ea,
1828 2746 2130 2828 aerisque

130 2845 205 2894 et
260 2827 430 2892 ferri
480 2826 858 2909 funiumque
908 2839 974 2889 et
1013 2828 1366 2892 linteorum
1405 2841 1473 2889 et
1511 2828 1891 2912 omnigenae
1931 2839 2130 2888 mate-

130 2914 285 2974 riae
330 2906 742 3003 incredibilis
787 2923 1149 2991 apparatus.
1236 2910 1489 2993 Captivi
1540 2929 1800 3006 quoque
1842 2906 2130 3006 plurimi,

132 3015 353 3079 quos,
397 3004 627 3073 partim
671 3002 739 3049 ut
780 3009 855 3050 se
900 2990 1298 3056 redimerent
1341 3010 1653 3074 pecunia,
1699 3005 1935 3075 partim
1975 3009 2132 3072 ope·

131 3077 241 3137 ris
275 3070 792 3136 faciundi-causta
814 3112 830 3142 ,
877 3072 1132 3134 vinctos
1161 3073 1409 3155 piratae
1434 3071 1827 3145 habuerant,
1872 3072 1949 3133 ad
1980 3090 2133 3133 suos

129 3156 391 3219 remiss‘i
429 3166 609 3215 sunt:
656 3170 1007 3236 eorumque
1042 3154 1211 3215 haud
1250 3154 1439 3237 pauci
1476 3168 1691 3217 erecta
1724 3154 1984 3216 interim
2013 3152 2160 3213 do-·

132 3240 280 3310 mi,
326 3252 644 3318 tamquam
682 3232 1045 3309 defunctis,
1087 3249 1498 3298 monumenta
1537 3249 1951 3319 repererunt.

270 3341 571 3404 XXXVL
628 3338 988 3400 Piratarum
1027 3340 1259 3423 viginti
1296 3341 1566 3403 circiter
1599 3341 1799 3402 millia
1837 3341 1904 3400 in
1943 3353 2129 3424 pote-

2191 3347 2408 3403 Dedae'tos
2432 3350 2490 3401 ἔκ

131 3424 307 3488 state
345 3421 617 3484 victoris
658 3423 860 3481 erant.
909 3442 1035 3482 eos·
1060 3443 1252 3505 quum
1288 3421 1663 3484 interficere
1703 3420 1988 3492 crudele,
2034 3420 2130 3480 di..
2158 3418 2547 3499 mediterraneis*

132 3509 418 3570 mittere
454 3501 888 3586 ,periculosum
932 3503 1304 3581 videretur}
1355 3505 1599 3587 optimo
1645 3503 1924 3564 consilio
1963 3500 2132 3573 usus,
2157 3486 2284 3538 ²⁰⁶⁰
2296 3486 2531 3541 ‘'mx“-

133 3592 575 3674 (quamquam
623 3581 699 3643 ab
745 3581 1289 3646 obtrectatoribus
1326 3584 1785 3667 reprehensum
1824 3581 1943 3663 est)
1981 3601 2136 3666 pro-

137 3672 262 3732 cul
310 3690 344 3729 a
384 3664 737 3747 conspectu
774 3667 971 3726 maris
1009 3667 1076 3727 in
1114 3666 1608 3728 mediterraneis
1638 3666 1819 3748 ,agris
1858 3664 2138 3725 colloca·

133 3754 291 3815 vit:
330 3750 620 3811 futurum
657 3758 869 3818 ratus,
913 3762 1017 3821 ut,
1063 3748 1434 3810 necessitate
1461 3759 1526 3808 et
1554 3748 1895 3808 occasione
1917 3788 1933 3817 ,
1979 3744 2163 3832 duo-‚

135 3835 279 3896 bus
309 3827 713 3914 nequissimis
747 3827 1221 3892 consultoribus
1243 3873 1259 3904 ,
1310 3829 1613 3902 remotis,
1662 3828 1866 3911 quieti
1899 3825 2136 3890 deinde

135 3935 828 3959 Μ
1945 3933 1948 3938 .

219 3988 371 4059 Cap.
396 3984 655 4041 xxxlv.
694 3982 930 4048 Strabo,
961 3986 999 4042 l.
1041 4005 1123 4041 ιι.
1161 4005 1225 4059 p.
1251 3991 1369 4055 49⁴¹·
1407 3988 1569 4042 Flor.
1610 3986 1841 4042 Cicero.
1878 3983 2135 4057 Appiani.

134 4059 310 4114 Plut.
347 4054 601 4126 Appian.
636 4050 770 4110 Dio.
810 4053 959 4108 Plut.
1036 4057 1444 4127 Gap.·xxxv.
1484 4056 1721 4120 Strab0‚
1753 4053 1795 4109 l.
1818 4055 1898 4120 ¹4·
1929 4069 1990 4124 p.
2013 4056 2133 4109 668.

136 4127 324 4181 Flor.
363 4122 613 4194 Appiani.
670 4120 823 4175 Plut.
875 4123 1121 4201 Appiam
1192 4124 1339 4202 Cap.
1377 4126 1634 4185 XXXVI.
1691 4123 1843 4182 Plut,
1890 4122 2037 4183 Vell,
2072 4142 2134 4189 2,

134 4199 244 4256 32.
287 4192 428 4250 Dio.
469 4190 626 4249 Flor.
672 4188 826 4251 mut.
