2717 4667
7 4094 12 4269 Ι

580 327 587 332 -
660 294 766 360 m
804 293 1107 362 Loctm
1147 298 1321 364 Lm..
1346 298 1421 365 c.
1464 298 1693 390 mm.
2054 296 2178 380 4⁵3

438 584 451 598 0

176 583 558 646 Armeniam
596 585 917 649 minorem
953 588 1281 662 convertit
1319 610 1353 648 a
1401 610 1587 666 men,
1630 606 1923 656 metuens
1955 617 2020 659 ei
2049 615 2175 683 per
2232 585 2496 671 3:0⁶⁶ss-

175 663 530 728 absentiam
569 689 745 730 suam
776 668 1208 742 Mithridates,
1257 688 1336 732 eo
1387 693 1489 732 em
1524 695 1669 736 cum
1701 673 2017 762 phalange
2051 679 2172 743 tri·
2198 660 2567 739 ⁰.¹“'“¹'¹3²'¹'
2613 733 2624 746 ,

175 745 362 829 ginta
399 748 709 826 millium,
756 764 825 813 et
856 751 1068 814 tribus
1107 749 1396 815 millibus
1429 756 1728 838 equitum⁸
1752 756 1977 822 movit.
2041 761 2174 827 Ve·
2236 742 2256 779 ⁸
2288 727 2492 792 ”stum

172 843 447 897 teranus
493 830 623 893 hie
650 846 826 906 erat,
888 847 955 895 et
992 854 1073 896 ex
1112 834 1288 894 omni
1333 855 1540 919 regno
1586 857 1732 900 eum
1776 858 1929 901 cura
1967 841 2176 908 lectus

172 913 544 975 exereitus:
606 934 800 998 quem
853 928 985 976 tum
1041 914 1109 975 in
1169 930 1452 979 montem
1509 919 1847 1001 quemdam
1903 921 2175 987 arduum

166 997 621 1080 munitumque
668 995 1008 1071 subduxit,
1054 995 1299 1068 Dassira
1339 998 1685 1073 vocabant,
1743 1002 1811 1063 in
1838 1003 2172 1069 Acisilena

173 1079 397 1148 situm.
481 1079 582 1142 Ibi
628 1076 848 1139 castris
891 1078 1173 1163 positis,
1234 1077 1477 1143 hostem
1522 1077 1816 1145 atterere‘
1846 1105 2027 1148 mora
2066 1108 2171 1151 se-

170 1158 527 1244 dendoque
583 1159 956 1222 conahatur.
1056 1166 1254 1236 Nam,
1320 1162 1496 1247 quod
1536 1164 1602 1225 in
1645 1165 1850 1227 amica
1894 1169 2173 1251 regione

166 1242 605 1316 consederat,
666 1243 1034 1327 promptius
1094 1242 1225 1327 ipsi
1281 1258 1673 1307 commeatus
1723 1247 2169 1314 subveheban·

166 1338 307 1387 tur.
387 1328 646 1392 Interea
690 1344 814 1408 per
862 1324 1155 1408 equites,
1218 1345 1341 1411 qua
1380 1341 1563 1410 parte
1608 1328 1852 1390 virium
1892 1331 2168 1414 praesta-

165 1405 314 1479 bat,
378 1407 712 1491 planitiem
769 1404 1119 1485 subjectam
1170 1405 1600 1479 incursando,
1662 1408 1937 1473 subinde
1991 1416 2167 1476 exci-

166 1488 399 1573 piebat
443 1485 785 1572 quosdam:
832 1487 1053 1550 multis
1097 1509 1359 1574 quoque
1399 1489 1481 1554 ad
1520 1489 1701 1554 illum
1740 1511 1816 1554 ea
1849 1491 1931 1557 de
1962 1496 2165 1570 causs'a

168 1569 782 1655 transfugientibus.
943 1633 949 1644 ,
1282 1625 1291 1634 .
1733 1649 1736 1656 y
2572 1659 2580 1668 ,

292 1680 435 1740 XX.
479 1682 721 1740 Mutata
757 1669 997 1740 deinde
1033 1697 1178 1740 cum
1208 1680 1359 1743 loco
1387 1679 1648 1743 fortuna
1682 1679 1789 1755 est,
1833 1680 2161 1767 postquam
2194 1675 2524 1760 ,Vamfflfi‘
2551 1693 2556 1698 ’

179 499 327 581 ejus
361 502 804 589 impetumque
833 503 1271 572 frustraretur.
1358 506 1525 583 Sed,
1571 510 1684 573 ubi
1714 513 2064 612 Pompejus
2103 516 2173 578 in
2235 515 2303 572 U.
2333 517 2527 579 c.686.

173 1759 464 1822 omiss'um
504 1782 539 1820 a
573 1758 951 1822 Mithridate
987 1759 1208 1846 jugum
1235 1762 1586 1858 Pompejus
1628 1763 1846 1825 castris
1884 1785 2161 1850 occupa·
2183 1750 2553 1832 ppsiuscutpa.
2662 1800 2669 1814 ,

168 1840 289 1916 νὴ,
380 1845 667 1926 Propter
710 1862 908 1926 aquae
957 1843 1300 1927 penuriam
1336 1843 1748 1908 Mithridates
1804 1847 2166 1931 reliquerat

168 1922 421 1986 locumo
483 1922 601 1986 sed
633 1926 792 1986 Pom
845 1924 1019 2006 ejus,
1081 1925 1507 2008 ex'fruticum
1543 1941 1901 2010 proventu,
1967 1928 2164 1992 situs-

164 2026 297 2089 que
339 2006 600 2079 indole,
664 2027 793 2090 quo
872 2027 995 2069 *res
1043 2019 1219 2081 erat,
1276 2007 1677 2091 suspicatus,
1739 2025 1973 2093 puteos
2019 2011 2182 2086 fodi,

155 2085 366 2169 juffit:
427 2103 732 2172 tantaque
769 2109 920 2150 mox
959 2109 1162 2173 aquae
1208 2087 1563 2152 adfluentia
1603 2089 1768 2164 fuit,
1811 2104 1881 2154 ut
1920 2094 2167 2155 tamdiu

152 2170 287 2232 hoc
316 2171 639 2255 ignorass'e
658 2170 1106 2232 Mithridatem
1129 2171 1543 2233 mirarentur.
1586 2172 1958 2237 Accedebat
1986 2174 2165 2237 aliud

157 2272 240 2313 ex
271 2253 343 2314 in
393 2252 544 2316 enio
577 2254 874 2315 locorum
906 2252 1349 2324 commodum,
1397 2253 1573 2338 quod
1610 2253 1821 2316 obsita
1857 2256 2161 2339 virgultis
2214 2303 2222 2316 .

161 2347 230 2396 et
279 2356 353 2396 ar
401 2334 626 2396 oribus
676 2334 864 2431 regio
910 2334 1173 2421 tegebat
1199 2336 1565 2408 Romanos,
1625 2355 1709 2396 ne
1755 2336 2046 2421 equitum
2095 2350 2164 2406 et

18 2431 23 2440 ·
114 2417 647 2508 „sagittariorum
678 2435 1017 2500 regiorum
1062 2416 1445 2510 excursibus
1480 2429 1800 2500 paterent.

278 2541 457 2614 xxj,
510 2538 756 2604 Eadem
792 2559 902 2604 res
941 2538 1276 2604 admonuit
1306 2542 1472 2601 Pom
1515 2537 1725 2620 eiam,
1773 2554 1844 2603 ut
1881 2540 2154 2606 insidias
2193 2541 2495 2626 ‘Ponte-pejus

155 2619 476 2708 e'quitatui
493 2619 791 2697 hostium,
834 2622 1003 2684 natis
1032 2620 1112 2686 ad
1143 2642 1282 2684 eam
1305 2620 1451 2683 frau
1498 2641 1601 2683 em
1625 2621 1924 2696 vallibus,
1954 2621 2155 2687 strue·
2183 2615 2557 2700 ‘''sfdfflfstrtft't

150 2722 283 2772 ret.
368 2706 615 2789 Igitur,
673 2717 874 2768 noctu
912 2704 1124 2766 tribus
1166 2704 1405 2766 leviter
1438 2717 1829 2768 armatorum
1864 2705 2153 2776 millibus
2187 2681 2531 2801 ‘Kanum

152 2810 307 2854 cum
353 2806 393 2850 e
485 2783 687 2850 itibus
727 2786 1104 2873 quingentis
1144 2786 1321 2849 inter
1363 2783 1492 2847 duo
1530 2783 1727 2848 castra
1771 2789 2111 2850 occultatis
2133 2831 2152 2863 ,
2181 2768 2208 2803 ⁶
2263 2786 2281 2803 '

199 2873 367 2933 rima
433 2886 554 2930 uee
592 2888 836 2953 paucos
881 2867 1062 2930 misit
1108 2867 1190 2932 ad
1227 2868 1469 2931 vallum
1506 2868 1687 2951 regis
1726 2869 1981 2952 equites
1999 2912 2017 2944 ,
2064 2870 2154 2933 ita

151 2896 392 3020 {octos
414 2992 432 3024 ,
492 2962 566 3012 ut
612 2970 878 3036 operam
929 2949 1194 3024 darent,
1252 2970 1386 3034 quo
1437 2940 1777 3014 universus
1829 2951 2151 3034 equitatus

151 3033 407 3101 hostilis
438 3030 825 3095 eliceretur:
868 3052 950 3096 eo
978 3032 1197 3116 facto,
1222 3032 1499 3093 servatis
1531 3031 1869 3118 odinibus
1896 3054 1965 3094 se
1998 3033 2150 3094 sub-

152 3119 515 3187 ducerent,
577 3112 785 3177 donec
836 3114 1101 3177 insidiis
1147 3112 1447 3177 feciss'ent
1484 3114 1869 3196 erumpendi
1906 3136 1989 3198 op
2040 3135 2149 3177 or-

151 3200 518 3264 tunitatem.
574 3195 810 3263 Omnia
842 3195 1230 3260 obedienter
1263 3192 1705 3281 industrieque
1738 3194 1925 3262 faeta.
1987 3138 2150 3259 guc—
2199 3261 2203 3266 ,

153 3282 363 3347 ceffus
419 3279 624 3343 etiami
662 3278 1136 3361 exspectationi
1162 3297 1301 3361 ,par
1350 3276 1594 3340 adfuit,
1662 3278 1888 3361 Regii,
1932 3298 2143 3352 novo,

150 3362 330 3428 unde
372 3360 636 3424 minime
673 3372 1095 3444 putaverant,
1154 3356 1331 3423 hoste
1386 3359 1742 3430 emicante,
1806 3360 2144 3422 conversis

151 3448 388 3519 etiam,
456 3441 1005 3526 quorum,paullo
1054 3455 1204 3504 ante
1250 3455 1437 3525 terga
1489 3440 1820 3516 viderant,
1882 3441 2152 3514 territi,

153 3549 354 3614 quum
393 3523 719 3607 utrimque
758 3524 1228 3596 caederentur,
1274 3536 1340 3584 et
1420 3521 1575 3584 edes
1613 3522 1807 3586 etiam
1824 3518 2141 3616 'eominus

151 3605 525 3695 suggress'us
564 3626 770 3689 equos
805 3603 1232 3683 confoderet3
1274 3625 1381 3665 mu
1410 3604 1493 3666 tis
1529 3602 1946 3688 fortibusque
1983 3603 2142 3670 viris

147 3691 390 3755 amima
412 3730 428 3761 ‚
477 3687 556 3750 ad
595 3684 792 3748 castra
828 3687 1236 3770 refugerunt.
1322 3685 1602 3770 Sequuti
1633 3699 1782 3748 sunt
1813 3686 2138 3747 victores:

148 3771 731 3865 irrumpebantque
767 3785 909 3831 cum
942 3767 1383 3852 fugientibus,
1424 3768 1555 3829 nisi
1584 3766 2016 3842 Mithridates,
2061 3786 2138 3829 re

147 3854 419 3941 provisa
438 3896 455 3926 ,
499 3851 794 3936 peditum
829 3850 1211 3935 phalangem
1246 3849 1663 3935 opposuiss'et.
1707 3875 1716 3888 ·
1791 3917 1798 3920 ,

210 4062 301 4118 Ca
344 4063 548 4143 ..xlx
596 4060 750 4114 Plut.
784 4061 994 4130 Pomp.
1026 4069 1087 4114 et
1113 4058 1372 4143 appiani.
1416 4058 1554 4113 Dio.
1596 4056 1837 4125 Strabo,
1868 4055 1912 4111 1.
1951 4071 2033 4114 n.
2070 4073 2133 4184 g.

142 4132 270 4190 555.
365 4149 451 4190 io..
521 4129 603 4184 Ga
650 4169 665 4186 .
700 4132 821 4184 XX.
873 4128 1028 4184 Plut.
1077 4130 1215 4187 Dio.
1289 4129 1435 4203 Cap.
1475 4129 1625 4202 xxt.
1679 4129 1955 4222 Frontrn.
1988 4144 2040 4196 2,
2108 4162 2129 4181 .

140 4202 287 4264 Dio.
317 4198 576 4275 Appian-
658 4197 882 4257 rontin.
920 4197 1179 4288 Appian.
1220 4281 1225 4290 1
