2717 4667
33 1023 36 1134 Ι

943 133 970 156 *z

470 241 553 306 IN
592 236 889 303 LOCUM
927 239 1089 304 ΠΒ.
1121 238 1495 312 LXXXVII.
1540 237 1790 336 L1v114
1969 253 2082 298 ραι

162 453 243 518 tes
267 444 522 526 copias»,
581 443 786 537 ipsum
825 441 1100 525 partium
1140 442 1378 515 robur,
1436 443 1860 506 contraxerat.
1900 434 1909 439 ⁶
1960 443 2087 506 Ac·
2146 453 2215 508 U.
2235 467 2287 504 c.
2308 449 2432 517 670.

162 524 432 585 cefferant
468 525 941 586 Celtiberorum
966 524 1117 602 'alae
1141 565 1157 594 ,
1204 545 1360 619 quas
1401 544 1608 606 nuper
1645 524 2091 607 Hispaniarum
2146 518 2411 577 A·C·8²·

162 617 460 689 praetores
490 604 864 682 ‚consulibus
896 604 1130 665 auxilio
1162 605 1481 676 miserant.
1550 608 1703 666 Cum
1733 605 1859 678 his,
1901 628 2090 690 prae·
2350 651 2357 659 ι

166 686 419 748 cursores
455 688 705 759 Sullae,
749 697 1080 747 contracto
1116 684 1196 745 ad
1228 686 1471 746 Clanim
1508 683 1773 747 fluvium
1809 686 2088 769 equestri

168 768 413 850 proelio,
470 767 738 829 circiter
784 766 1242 849 quinquaginta
1294 768 1713 842 oeciderunt3
1774 768 2089 831 ducentos

167 849 543 931 septuaginta,
581 869 707 909 non
736 861 981 931 captos,
1010 848 1122 907 sed
1158 871 1184 907 s
1236 862 1384 909 onte
1412 849 1855 931 transgress'os,
1889 849 2089 924 dedu-

168 943 354 990 xerunt
387 931 467 991 ad
496 932 975 1013 imperatorem.
1064 931 1186 989 Car
1234 949 1307 1001 0,
1363 950 1437 990 re
1468 949 1549 989 eo
1596 930 1762 1003 nita,
1807 931 2091 995 infensus

166 1010 508 1083 Celtiberis,
570 1024 634 1072 et
677 1029 900 1106 parem
944 1008 1344 1091 reliquorum
1383 949 1719 1093 perfidiam
1758 1028 2048 1073 metuens
2072 1055 2090 1092 ,

158 1091 549 1153 circumdatos
575 1093 778 1152 valida
799 1112 983 1151 manu
1007 1109 1229 1151 ornnes
1249 1092 1614 1153 trucidavit.
1658 1092 1905 1162 Eodem
1930 1110 2091 1155 tem·-

155 1179 290 1254 p01‘·e
321 1173 491 1233 Sulla
533 1194 677 1234 eum
710 1174 832 1233 alia
866 1185 1052 1255 parte
1088 1173 1417 1254 copiarum
1452 1175 1520 1232 in
1559 1193 1714 1257 agro
1754 1175 2094 1237 Caletrano

156 1255 297 1314 eirca
318 1256 673 1315 Saturniam
699 1253 1015 1317 coloniam
1049 1254 1387 1335 oppositos
1418 1255 1541 1314 sibi
1564 1253 1772 1318 hostes
1792 1255 1981 1317 vicit:
2028 1270 2094 1319 et

154 1336 455 1406 Metellus,
519 1333 1269 1415 Ravennam=navigans,
1329 1335 1656 1396 Uritanum
1697 1356 1917 1426 agrum
1956 1338 2093 1420 pla-

152 1431 277 1475 num
313 1430 372 1477 et
406 1417 720 1478 frumenti
754 1417 1037 1478 feracem
1074 1416 1138 1474 in
1175 1417 1544 1498 potestatem
1577 1417 1853 1500 redegit.
1909 1420 2092 1482 Aliae

155 1518 378 1579 quoque
431 1499 734 1559 Sullanae
782 1498 1009 1581 copiae
1058 1497 1124 1556 in
1167 1498 1729 1580 Neapolitanorum
1784 1521 1822 1560 o
1872 1500 2090 1581 pidum

151 1592 315 1639 noctu
338 1580 747 1662 proditorum
775 1600 972 1663 opera
1001 1580 1274 1660 recepti,
1307 1578 1665 1662 promiscua
1695 1601 1805 1642 cae
1855 1600 1889 1641 e
1918 1602 2090 1641 eom-

149 1661 460 1741 pleverunt
522 1662 769 1733 omnia,
845 1661 1277 1742 triremesque
1334 1660 1612 1720 civitatis
1673 1662 2091 1724 abduxerunt.

153 1742 362 1812 Etiam,
435 1756 507 1803 ut
572 1743 809 1824 ubique
860 1741 1083 1808 eadem
1140 1741 1417 1822 partium
1466 1740 1723 1803 fortuna
1775 1744 1968 1816 ess'et,
2030 1745 2099 1803 in

155 1822 473 1904 Spoletinis
515 1826 759 1907 campis
783 1822 1537 1907 Pompeiustci·affusque
1555 1823 2104 1897 Carbonianorum

155 1904 256 2044 tri3
291 1905 486 1966 millia
536 1905 992 1979 conciderunt,
1054 1903 1537 1989 Carrinatisque
1587 1905 1782 1968 castra
1827 1908 2100 1976 circum-

162 2004 217 2044 se
256 2000 446 2047 erunt.

250 2131 706 2197 XV111.'1nter
756 2133 915 2196 haee
962 2135 1138 2197 Sulla
1186 2135 1397 2198 Carbo
1444 2156 1562 2209 ue‘,
1620 2136 1826 2220 capita
1870 2136 2098 2198 factio-

152 2233 305 2288 num,
375 2214 557 2298 apud
610 2216 895 2277 Clusium
954 2218 1032 2277 ab
1089 2220 1343 2279 oriente
1445 2219 1507 2280 ie
1562 2215 1642 2278 ad
1695 2217 2099 2280 occidentem
2157 2207 2474 2293 Ρζῠξῖἷθβξ·

150 2296 445 2357 commiss'o
505 2297 806 2379 proelio,
872 2312 1103 2359 neutro
1152 2301 1503 2361 inclinante
1548 2298 1856 2374 victoria,
1920 2314 2100 2361 tene-
2124 2280 2281 2349 ‘'W‘'
2315 2279 2475 2332 ‘¹¹⁸⁶'

146 2374 371 2460 brarum
416 2392 823 2460 superventu
866 2378 1168 2463 dirempti
1208 2378 1376 2441 sunt.
1464 2379 1673 2442 Carbo
1719 2380 1954 2443 deinde
1974 2400 2102 2442 *co-
2128 2359 2239 2400 ⁰⁶⁸·

144 2461 262 2540 pias
303 2480 570 2543 magnas
616 2458 695 2519 ad
739 2461 1143 2522 eximendum
1186 2463 1528 2524 obsidione
1558 2463 1953 2523 Carrinatem
1990 2462 2109 2520 mi-

147 2540 248 2600 sit:
290 2542 531 2624 quibus
579 2541 856 2611 insidiae
904 2564 938 2602 a
980 2542 1154 2604 Sulla
1243 2544 1485 2616 ositae,
1533 2555 1598 2604 et
1635 2542 1714 2602 ad
1747 2543 1874 2603 duo
1908 2542 2111 2602 millia

146 2620 501 2705 interempti
544 2635 712 2686 sunt.
799 2624 1129 2692 Carrinas,
1207 2625 1434 2686 oedam
1468 2624 1756 2686 tenebris
1796 2639 1861 2685 et
1895 2624 2111 2707 pluvia

146 2717 376 2777 noctem
413 2707 683 2776 nactus,
752 2723 829 2763 ex
868 2705 1031 2766 locis
1073 2705 1316 2789 iniquis
1359 2706 1713 2768 exercitum
1757 2706 1834 2765 ad
1873 2705 2112 2766 tutiora

146 2782 419 2847 deduxit:
482 2785 693 2867 magis
742 2783 1313 2860 diffimulantibus,
1365 2787 1876 2873 quam=ignariS,
1919 2782 2111 2846 hosti-

144 2863 276 2938 bus,
341 2866 528 2951 quod
578 2867 749 2925 inter
798 2886 985 2928 caeca
1035 2870 1448 2930 tenebrarum
1493 2885 1557 2931 et
1603 2867 1990 2953 tempestatis
2030 2867 2110 2929 ad

144 2948 356 3028 proelii
407 2949 710 3009 laborem
752 2949 1080 3032 aleamque
1125 2951 1396 3032 prodire
1436 2952 1721 3035 pigebat.

243 3083 412 3155 xlx.
485 3092 641 3155 Post
694 3093 854 3156 haee
906 3096 1113 3157 Carbo
1161 3097 1239 3158 ad
1288 3096 1694 3159 liberandum
1729 3092 2105 3169 Praeneste,

144 3175 234 3235 ubi
274 3179 605 3259 collegam
644 3175 811 3237 fame
857 3177 1066 3259 premi
1110 3193 1582 3262 compererat,.
1616 3178 1921 3240 Marcium
1965 3197 2108 3239 cum
2189 3178 2429 3263 agarem

146 3270 268 3319 octo
299 3257 683 3341 legionibus
713 3259 909 3319 misit.
955 3262 1082 3320 Eas
1112 3259 1386 3342 angustis
1423 3261 1584 3323 locis
1621 3259 1894 3320 insidiae
1916 3261 2106 3320 Pom-
2132 3249 2452 3331 obsndaeonfm

141 3337 251 3431 peji
297 3360 506 3423 quum
554 3340 984 3423 excepiss'ent,
1051 3340 1200 3422 fuga
1244 3339 1613 3426 stragesque
1659 3342 1821 3402 sacta
1864 3339 1986 3412 est,
2045 3354 2110 3402 et
2136 3317 2503 3437 P’Y'n‘st‘mm

146 3440 199 3478 m
234 3421 563 3482 tumulum
650 3421 959 3491 uemdam.
1004 3423 1177 3505 quod
1206 3438 1519 3496 evaserat,
1566 3422 1892 3502 rejectum.
1939 3425 2107 3482 Mar·
2132 3401 2489 3520 ssrvxzffizff‘

143 3500 281 3573 cius,
327 3523 466 3563 non
513 3521 594 3562 ex
648 3502 840 3564 inctis
875 3502 1157 3585 ignibus,
1199 3525 1280 3566 ne
1319 3503 2110 3587 consilium'proderetur,

140 3583 207 3642 ad
238 3586 654 3652 Carbonem,
703 3597 772 3645 ut
811 3604 882 3655 re
913 3584 1290 3669 desperata,
1335 3586 1734 3668 refugiebat:
1782 3581 1918 3656 sed,
1962 3603 2118 3667 pro-

139 3662 253 3726 dita
298 3687 413 3739 re,
484 3664 825 3727 seditiosis
868 3666 1143 3726 militum
1187 3668 1453 3729 vocibus
1492 3668 1800 3749 agitatus,
1865 3679 2119 3725 auctor-

138 3766 247 3828 que
277 3746 720 3819 insidiarum,
769 3768 925 3830 quas
962 3748 1163 3808 ess'ent
1198 3748 1392 3831 pass'i,
1438 3750 1793 3832 appellatus
1825 3743 1932 3809 est.
1990 3749 2121 3807 Eo·
2212 3747 2221 3764 ¹

141 3848 251 3909 que
305 3828 580 3890 tandem
636 3827 881 3890 irarum
939 3843 1239 3903 ventum,
1311 3843 1421 3902 ut,
1494 3829 1828 3891 convulsis,
1877 3828 2119 3911 signis,

137 3930 273 3990 pars
311 3909 691 3971 Ariminum
732 3923 1022 3993 peteret,
1082 3910 1194 3971 alii
1232 3911 1452 3995 pass'im
1489 3912 1717 3972 domos
1756 3909 2128 3971 dilaberen-

198 4101 340 4187 Cap.
376 4112 577 4173 xvn.
626 4110 758 4169 mv.
786 4113 881 4183 39,
921 4113 1016 4180 55..
1064 4111 1317 4187 Appiam.
1364 4111 1490 4168 mv.
1525 4073 1681 4185 Ερῑι.
1733 4109 1990 4186 Appiani.
