2717 4667
468 304 577 392 ΧιΝ
622 265 924 367 IJOCUM'
965 285 1431 371 L13.·1,xxv.
1477 306 1703 372 len.
1999 305 2073 367 15

119 508 491 589 tramferant:
533 527 722 590 sponte
748 508 1113 590 exarserunt?
1170 509 1293 570 Nos
1325 529 1516 571 contra
1549 515 1871 572 sententiam
1896 517 2069 571 senio-
2131 506 2203 562 U·
2224 525 2278 562 0·
2295 507 2422 564 663·

119 613 241 651 rum
254 634 272 663 ‚
316 589 598 672 consensus
631 610 714 649 tot
744 596 987 672 gentium
1010 636 1026 665 ,
1087 612 1142 651 et
1178 597 1490 672 potentiora
1532 592 1728 670 nostris
1771 598 2071 653 vicinorum
2127 579 2206 632 Α·
2233 577 2300 632 C·
2328 576 2420 645 39·

117 691 267 731 arma
282 704 324 744 ,ν
357 691 417 731 et
463 674 757 733 'aventutis
792 693 953 753 atque
988 673 1140 756 vulgi
1176 694 1437 755 nusquam
1466 672 1610 753 fiatis
1642 680 1871 735 coercita
1905 696 2069 734 teme-

124 760 292 825 ritas,
337 753 426 814 bel
449 774 480 812 o
502 755 742 814 Romano
776 754 1062 834 implicuit.
1136 755 1270 836 xNec
1305 775 1484 815 tamen
1514 756 1637 815 haec
1676 757 1793 816 ideo
1828 757 2079 831 dicimus,

126 833 268 919 quast
291 833 523 915 cauffam
555 835 793 912 nostram
831 836 1120 915 defendere
1148 857 1498 899 conaremur:
1546 836 1717 918 (satis
1746 838 2082 921 indignatio-

121 939 233 978 nem
269 916 505 993 vestram
543 918 783 997 Hirpini
818 916 1138 997 meruimus)
1168 917 1272 998 Jed
1311 937 1375 977 ut
1414 936 1703 999 appareret
1742 924 1887 979 ratio
1907 963 1923 993 ‚
1983 941 2083 980 cur

122 1006 178 1060 in
215 1004 422 1058 minore
465 998 663 1058 delicto
709 1019 818 1057 non
859 1001 1201 1079 impudenter
1243 1020 1277 1058 a
1317 998 1712 1078 clementtffimo
1756 1005 2084 1082 imperatore

119 1101 300 1163 parem
323 1078 609 1162 speremus
640 1084 851 1141 veniam
868 1121 886 1153 ‚
932 1101 1088 1163 quam
1123 1086 1184 1142 in
1215 1087 1476 1166 graviore
1506 1079 1785 1164 conceffizm
1821 1083 1952 1145 aliis
1990 1088 2082 1145 vi-

126 1164 315 1225 dimus.
1772 1189 1780 1200 ·

241 1325 448 1385 XXX.
509 1326 621 1386 Sed
642 1326 873 1407 senatus
905 1327 1190 1408 populique
1219 1327 1447 1388 Romani
1488 1347 1595 1386 non
1630 1325 2002 1388 abhorrentem
2044 1346 2078 1384 a
2144 1319 2412 1375 Laudent

132 1426 216 1467 tua
246 1407 477 1466 lenitate
498 1407 832 1488 sententiam
872 1425 1043 1489 nuper
1074 1410 1444 1491 perspeximus
1463 1452 1480 1483 ‚
1551 1429 1713 1489 quum
1763 1406 2073 1482 nonnullis,
2100 1403 2153 1510 ’ᾗ
2188 1402 2408 1511 ·”’”.“ἕ“

133 1493 212 1570 qui
248 1508 406 1547 arma
440 1508 632 1548 contra
669 1489 946 1563 tulerant,
992 1512 1097 1549 non
1138 1482 1348 1552 v'eniam
1391 1490 1544 1550 modo
1563 1534 1580 1562 ,
1611 1489 1713 1571 Jed
1744 1493 1904 1548 etiam
1941 1494 2074 1550 civi-
2100 1474 2330 1582 „5:²5ssss
2365 1478 2417 1510 ‘⁶

141 1590 278 1630 tatem
296 1612 312 1642 ,
359 1570 541 1637 dedit.
624 1575 805 1651 Atque
843 1569 936 1631 hoc
957 1574 1083 1650 jam
1121 1576 1424 1655 antiquitus
1457 1571 1693 1631 alterum
1771 1570 1846 1649 0st
1878 1575 2074 1631 victri-
2333 1563 2349 1582 ⁶

142 1657 211 1711 cia
238 1672 389 1709 arma
418 1648 829 1729 firmamentum
864 1652 1017 1713 urbis
1050 1654 1319 1715 Romanae
1344 1654 1474 1737 fuit
1489 1696 1506 1728 ‚
1552 1653 1695 1735 quod
1766 1652 1905 1711 talas
1931 1693 1936 1699 -
1937 1675 2072 1737 gen-

138 1754 208 1793 tes
228 1737 465 1791 maxima
483 1732 703 1815 semper
732 1752 786 1792 et
818 1733 971 1794 obvia
998 1756 1104 1796 non
1126 1737 1303 1800 dicam
1330 1734 1754 1815 mansuetudine,
1786 1732 1891 1815 Jed
1913 1754 2073 1817 pror·

119 1816 206 1897 fies
229 1819 439 1895 pietate
452 1857 469 1888 ‚
514 1819 728 1896 excepit
746 1859 763 1888 ‚
807 1821 1093 1876 communis
1131 1821 1365 1877 omnium
1396 1834 1617 1898 parens.
1705 1815 1797 1875 Ne
1833 1817 1907 1876 ad
1941 1816 2072 1876 alie-

128 1918 191 1957 na
218 1896 463 1977 exempla
498 1895 745 1957 abeamus
766 1940 783 1970 ‚
829 1897 1118 1975 domesticis
1155 1899 1407 1977 instructi
1426 1941 1443 1971 ,
1502 1901 1733 1976 majores
1769 1898 1938 1975 nostri
1968 1919 2077 1960 non

128 1983 293 2038 mitius
336 1977 674 2037 clementiam
694 2021 710 2052 ,
774 1999 931 2059 quam
976 1983 1238 2041 virtutem
1256 2024 1273 2056 ‚
1333 1981 1624 2054 Romanam
1663 1985 1877 2061 experti
1917 1982 2075 2053 lunt}

116 2060 275 2142 jeruel
323 2080 494 2140 quum
545 2064 693 2119 inter
735 2062 1000 2121 Samnites
1038 2063 1225 2123 ‘adhuc
1272 2062 1639 2144 censeremur,
1698 2081 1799 2140 quo
1840 2052 2074 2143 tempore

127 2142 197 2203 P.
234 2141 526 2202 Cornelius
558 2138 795 2219 Rufinus
813 2184 831 2216 ,
874 2148 965 2202 avi
996 2148 1079 2204 tui
1097 2162 1336 2225 proavus
1354 2187 1372 2219 ‚
1408 2142 1698 2224 pristinum
1735 2142 1851 2201 illis
1868 2145 2075 2227 foedus

127 2224 373 2282 reddidit
384 2248 406 2293 ,·
453 2226 656 2282 iterum
677 2223 882 2283 Punico
912 2222 1049 2285 bello
1067 2227 1323 2307 secundo,
1353 2224 1567 2307 quando
1582 2224 1891 2304 societatem
1909 2227 2074 2285 Han-

125 2304 317 2365 nibalis
332 2303 605 2384 sequutus
629 2304 718 2389 ,Q
745 2303 971 2365 Fulvius
1009 2306 1191 2388 confiael
1226 2312 1445 2386 recepit,
1490 2304 1669 2365 verbis
1705 2307 2075 2366 tantummodo

125 2387 377 2468 castigans
391 2427 409 2458 ‚
474 2405 793 2466 quamquam
817 2386 960 2468 finis
994 2389 1105 2446 diu‘
1122 2409 1177 2448 et
1203 2390 1516 2470 praefracte
1538 2385 1775 2467 fuiffent
1805 2392 1862 2447 in
1886 2399 2072 2469 parti-

122 2467 215 2528 bus
234 2514 251 2543 ‚
298 2488 394 2527 nec
411 2510 441 2540 ,,
476 2464 586 2547 nisi
603 2468 677 2527 ad
706 2470 963 2528 Bruttios
992 2488 1048 2528 et
1073 2490 1375 2530 extremum
1404 2468 1599 2529 Italiae
1626 2468 1880 2550 angulum
1907 2470 2071 2531 Han-

122 2550 292 2610 nibale
330 2548 601 2631 compulso
617 2591 634 2623 ‚
674 2555 1059 2631 poenitentiam
1102 2549 1494 2635 approbaffent.

241 2713 482 2774 XXXI.
531 2710 758 2770 Placuit
790 2712 928 2773 Diis
968 2713 1068 2790 ista
1108 2715 1305 2775 lenitas
1319 2758 1337 2787 ‚
1382 2712 1756 2791 dederuntque
1772 2750 1790 2781 ‚
1834 2726 1902 2766 ut
1938 2726 2080 2766 com-
2124 2715 2249 2768 De‘is
2267 2714 2429 2767 etiam

121 2795 307 2877 plures
347 2796 453 2852 alii
480 2792 675 2873 populi
714 2795 790 2852 ad
812 2794 1123 2874 societatem
1160 2797 1347 2877 populi
1377 2795 1606 2855 Romani
1649 2807 2081 2862 reverterentur,
2104 2795 2348 2857 Suum·

121 2895 216 2956 per
258 2877 425 2960 longa
465 2876 714 2954 deinceps
750 2895 1015 2935 annorum
1044 2878 1228 2958 spatia
1268 2875 1594 2937 durantibus
1629 2891 1794 2952 usque
1831 2871 1905 2930 ad
1940 2873 1998 2929 in
2027 2893 2085 2929 e-

128 2959 205 3017 lix
247 2958 343 3018 boc
389 2955 596 3017 bellum
643 2956 924 3037 obsequiis.
1028 2959 1294 3019 Eumdem
1340 2962 1547 3018 exitum
1567 2998 1585 3030 ‚
1658 2973 1723 3018 ut
1764 2952 2083 3033 speramus,

125 3059 260 3101 nunc
305 3035 516 3122 quo‘que
555 3035 784 3112 dabunt,
835 3060 994 3119 eoque
1034 3039 1426 3121 optabiliorem,
1467 3038 1610 3120 quod
1641 3055 1701 3096 et
1736 3032 1996 3094 redibunt
2028 3036 2089 3091 in

118 3117 280 3197 fidem
311 3122 552 3200 vestram
564 3161 584 3192 ‚
633 3124 728 3199 qui
756 3119 1108 3201 defecerunt5
1171 3142 1225 3181 et
1252 3139 1570 3203 perpetuam
1607 3117 1875 3179 vobiscum
1902 3118 2087 3175 amici-

128 3207 255 3261 tiam
288 3203 504 3275 colent,
557 3198 666 3281 suo
695 3200 838 3260 malo
868 3205 1071 3263 iterum
1108 3204 1319 3278 edocti,
1376 3224 1485 3280 non
1521 3200 1687 3260 aliter
1715 3198 1910 3258 Italiae
1928 3195 2087 3278 salu-

54 3311 64 3319 ·
130 3303 232 3343 tem
266 3304 432 3366 atque
468 3284 795 3365 dignitatem
821 3282 1036 3364 salvam
1064 3284 1177 3366 effe
1200 3283 1346 3370 poffe
1365 3326 1382 3358 ,
1442 3278 1792 3363 nili-Romam
1823 3282 2090 3359 imperare

126 3370 374 3447 patiatur
392 3408 412 3442 ‚
465 3364 709 3449 secundo
751 3364 871 3446 post
909 3371 1212 3451 principem
1255 3385 1536 3430 terrarum
1578 3359 1765 3425 urbem
1805 3360 1918 3421 loco
1960 3379 2087 3420 con-

131 3466 295 3509 tenta.
636 3467 646 3494 ·.
994 3475 997 3478 >
1967 3485 1972 3490 ·

244 3609 514 3673 xxxn.
565 3609 716 3671 Satis
751 3607 954 3686 constat
970 3557 1001 3680 ,l
1031 3610 1319 3673 nonnullos
1351 3605 1578 3690 populos
1609 3604 1678 3665 de
1711 3601 2093 3686 pace‘petenda
2138 3600 2338 3672 Populo
2351 3600 2452 3653 R04

2117 3686 2272 3723 mano
2306 3672 2413 3723 tm*-

122 3689 431 3752 deliberare
452 3735 470 3764 ‚
516 3712 619 3760 nec¹
650 3690 770 3751 alia
804 3712 868 3750 re
899 3694 1067 3772 magis
1107 3696 1338 3752 retineri
1354 3734 1372 3766 ‚
1417 3708 1575 3770 quam
1612 3691 1805 3746 timore
1825 3727 1844 3760 ‚
1888 3704 1955 3743 ne
1984 3684 2092 3745 du·
2119 3741 2245 3794 hm·

120 3778 270 3834 riora
312 3777 661 3856 imperentur
677 3817 695 3847 ‚
760 3792 923 3855 quam
954 3773 1122 3855 ferre
1164 3794 1382 3855 queant.
1463 3770 1532 3830 de
1576 3768 1660 3830 his
1702 3770 1945 3849 projecto
1985 3765 2092 3824 du-

104 3854 263 3915 *bium
296 3855 395 3935 effi»
435 3876 547 3915 non
579 3854 756 3936 potest
776 3897 795 3929 ‚
840 3858 972 3936 quin
993 3897 1009 3929 ‚
1040 3851 1210 3935 fimul
1246 3855 1399 3917 nobis
1435 3854 1644 3912 veniam
1682 3850 1868 3910 datam
1905 3866 2097 3932 cogno-

120 3942 308 3997 verint
326 3979 351 4011 ,
400 3941 666 4021 protinm
707 3941 771 3998 in
800 3953 992 4017 panes
1030 3935 1235 4016 vestras
1250 3934 1371 4017 fint
1405 3935 1729 4000 transituri.
1818 3930 1971 4003 Hos,
2013 3948 2100 3988 ut

114 4013 218 4096 fit,
278 4021 381 4080 alii
427 4018 632 4100 aliique
665 4016 1002 4101 sequentur,
1065 4038 1119 4080 et
1141 4061 1158 4093 ,
1219 4015 1379 4102 quam
1407 4013 1631 4078 Italiam
1669 4012 1900 4092 majores
1934 4009 2100 4088 vestri

196 4207 340 4281 Cap.
376 4207 557 4262 XXX.
600 4205 802 4278 Supra
837 4219 923 4259 ιι.
959 4219 1045 4259 20.
1099 4200 1227 4258 Liv.
1265 4217 1352 4271 ²7·
1397 4200 1483 4259 25.

1431 4339 1465 4368 f

2531 3703 2542 3734 Ι
2623 3708 2627 3712 .
