2717 4667
569 174 703 251 we
788 175 1187 245 FREImsH.
1213 173 2051 247 ,SUPPLEMENTORUM
2073 176 2223 271 nin.
2244 132 2507 241 Lxxn.

253 390 322 465 U.
345 407 402 447 c.
423 398 555 461 ἰγ’ω.
583 385 672 449 At
711 403 838 468 pro
888 402 1123 451 socero
1167 404 1286 447 suo
1322 384 1641 470 Scipione.
1673 384 1907 465 venire
1945 385 2017 447 in
2050 380 2305 457 forum,
2352 395 2422 446 et
2458 402 2570 444 eo-
2640 378 2649 391 ⁸

248 461 323 519 Α·
346 462 522 521 (25¹-
581 488 722 532 ram
758 486 994 550 rogare
1030 466 1286 547 judices
1329 488 1464 533 non
1487 467 1795 540 eruhuit,
1851 465 2025 531 veste
2062 486 2325 550 quoque
2360 478 2571 526 muta·

581 562 684 615 ta:
748 546 925 631 quod
980 563 1047 613 et
1098 549 1398 615 nonnulli
1450 547 1738 629 judicum
1789 549 2024 613 imitati
2077 562 2243 609 sunt.
2329 548 2402 609 ld
2459 546 2572 607 ubi

576 630 926 693 Memmius
978 628 1184 704 vidit,
1249 632 1340 709 (is
1388 650 1506 715 spe
1552 630 1906 692 secundum
1944 632 2159 716 legem
2192 628 2572 712 Pompejam

571 710 1062 809 'recuperandi‚
1144 733 1309 795 quae
1363 711 1693 774 damnatus
1756 712 1901 795 ipse
1959 733 2175 797 nuper
2225 711 2574 783 amiserat,
2680 720 2683 741 ·

585 794 966 877 Scipionem
1004 794 1380 874 accusabat)
1412 795 1514 856 rei
1564 794 1815 856 uhlicae
1844 793 2065 857 statum
2094 791 2428 858 invidiose
2454 791 2573 851 mi·
2684 788 2685 799 ’

483 900 487 909 *
588 888 880 948 seratas»,
941 876 1353 937 accusatione
1400 817 1663 939 destpitit.
1748 876 1910 938 Erat
1954 896 2028 937 ea
2066 897 2179 938 res
2216 894 2414 971 quum
2454 894 2575 956 per
2682 874 2685 885 ⁴

589 978 664 1022 se
708 976 930 1040 parum
965 957 1370 1041 probabilis;
1438 972 1572 1019 tum
1604 957 1834 1029 etiam,
1882 959 2057 1020 inter
2095 971 2194 1021 tot
2227 954 2577 1027 illustrium

577 1041 882 1102 'virorum
948 1040 1204 1113 ruinas,
1282 1039 1488 1122 magis
1554 1039 1881 1101 eminebat
1940 1039 2288 1124 impunitas
2351 1037 2575 1098 unius.

583 1121 776 1185 Multi
813 1120 986 1182 enim
1023 1135 1089 1182 et
1122 1120 1232 1181 alii
1270 1141 1394 1205 per
1429 1120 1605 1183 idem
1634 1134 1890 1205 tempus
1920 1120 2400 1185 damnationem
2430 1139 2579 1204 pas·

587 1204 649 1265 si
682 1217 899 1277 erant,
943 1216 1010 1264 et
1043 1203 1217 1265 inter
1254 1204 1377 1266 hos
1403 1206 1494 1265 Μ.
1528 1204 1837 1266 Scaurus..
1916 1205 2051 1279 Pro
2089 1202 2337 1267 Scauro
2377 1221 2581 1287 quum
2688 1248 2689 1259 ,

583 1287 865 1370 populus
908 1284 1411 1370 deprecaretur,
1471 1306 1594 1370 per
1631 1305 2025 1370 praeconem
2050 1286 2213 1349 Pom
2264 1284 2412 1365 ejus
2441 1282 2584 1346 edi-

582 1367 681 1429 xit
700 1409 718 1442 ,
747 1369 1007 1450 judicum
1035 1368 1366 1449 sententiam
1404 1372 1705 1451 exspectari
1741 1385 2018 1449 oportere.
2060 1367 2215 1429 dein
2262 1387 2335 1441 e,
2379 1386 2582 1450 quum

586 1451 687 1512 sic
715 1468 977 1534 quoque
1007 1450 1491 1513 accusatoribus
1517 1447 1776 1510 molesta
1797 1449 2141 1513 multitudo
2165 1449 2351 1523 effet,
2378 1451 2584 1510 Pom·
2660 1458 2665 1469 ·

581 1531 802 1617 pejani
837 1531 1080 1593 milites
1116 1531 1411 1606 immiss'i,
1452 1530 1865 1597 audaciffimo
1901 1551 2159 1616 quoque
2190 1530 2580 1604 interfecto,

583 1628 657 1677 ut
694 1613 983 1674 damnari
1020 1626 1160 1674 tuto
1199 1632 1353 1675 reus
1391 1614 1636 1698 poss'et,
1682 1612 2068 1677 effecerunt.
2140 1626 2153 1641 Χ

260 1765 540 1836 Pompty‘us
643 1768 648 1771 “
710 1745 940 1810 XLVI.
994 1743 1211 1828 Quum
1254 1743 1432 1808 inter
1473 1743 1634 1808 haec
1669 1745 1818 1807 anni
1846 1766 1996 1830 pars
2025 1765 2249 1842 magna
2279 1758 2584 1828 praeter-

203 1837 457 1903 “uagam
470 1832 563 1889 ad·
588 1827 767 1911 lapsa
804 1828 998 1900 ess'et,
1043 1826 1397 1911 Pompeius
1432 1846 1734 1890 socerum
1768 1848 1955 1888 suum
1983 1828 2367 1911 Scipionem
2404 1847 2582 1887 men-

209 1906 398 1959 sumff‘·
588 1928 660 1970 se
691 1909 923 1971 Sextili
959 1909 1288 1992 collegam*
1309 1910 1380 1970 in
1409 1911 1737 1993 reliquum
1770 1925 2026 1993 tempus
2062 1907 2450 1971 consulatus
2484 1907 2580 1968 ad·

589 1993 888 2075 sumpsit.
974 1993 1034 2051 Is
1074 1991 1298 2073 Scipio
1336 1994 1680 2054 Corneliae
1717 1993 1934 2076 gentis
1969 2006 2146 2064 erat,
2188 1994 2268 2063 P,
2303 1991 2574 2055 Nasicae

588 2070 797 2135 filius:
862 2072 980 2134 sed
1022 2070 1374 2155 adoptione
1411 2073 1639 2159 QsPii
1681 2073 2029 2139 transierat
2060 2075 2130 2134 in
2155 2072 2571 2134 Metellorum

440 2171 446 2179 ·
496 2188 501 2194 ’
589 2153 875 2215 domum.
953 2174 1166 2237 eoque
1206 2153 1535 2231 interdum
1568 2152 1864 2240 quolibet
1899 2153 2162 2217 istorum
2199 2154 2577 2225 nominum,

592 2249 693 2310 et,
741 2237 999 2320 quoties
1040 2236 1227 2320 plura
1267 2237 1830 2320 exprimerentur,
1887 2237 1971 2333 Q.
2003 2237 2329 2301 Caecilius
2374 2236 2471 2332 Q.
2512 2238 2579 2298 F.

589 2319 898 2381 Metellus
935 2319 1093 2399 Pius
1133 2318 1359 2403 Scipio
1398 2320 1771 2385 vocabatur.

290 2441 537 2513 Pompei·
713 2426 986 2511 XLVII.s
1018 2425 1232 2507 Quum
1269 2425 1432 2488 haec
1471 2426 1560 2488 ita
1601 2428 1805 2491 ess'ent.
1841 2422 2210 2511 aPompejo
2237 2418 2444 2508 gesta,
2492 2435 2581 2497 ut,

218 2524 572 2594 prorogatum·
596 2509 923 2590 exceptiS,
987 2527 1150 2590 quae
1192 2510 1571 2582 retulimuS,
1627 2511 1869 2572 virtute
1911 2509 2090 2569 illius
2126 2527 2238 2568 res
2271 2507 2584 2578 urbanas,

219 2590 706 2653 9¹⁰⁹m⁶¹⁴⁸‘·‘vel
758 2589 1170 2650 inimicorum
1213 2589 1615 2663 testimonio,
1692 2588 2201 2654 commodiorem
2241 2587 2316 2650 in
2356 2586 2586 2650 statum

497 2700 504 2707 ’
592 2672 960 2758 perveniss'e
997 2668 1345 2746 constaret,
1388 2687 1778 2757 prorogatae
1817 2686 1965 2733 sunt
1997 2671 2062 2734 ei
2087 2672 2155 2732 in
2184 2669 2366 2732 aliud
2390 2671 2586 2754 quin-

591 2752 947 2840 quennium
986 2754 1404 2837 provinciae3
1471 2767 1538 2816 et
1575 2753 1874 2840 stipendii
1918 2753 2256 2816 ducenties
2302 2752 2586 2850 qnadra-

593 2836 740 2920 gies
782 2834 852 2895 in
892 2834 1185 2917 singulos
1228 2857 1432 2899 annos
1468 2838 1865 2899 attributum.
1952 2841 2091 2900 Nec
2142 2833 2380 2920 puduit
2435 2853 2585 2895 eum

593 2917 932 3000 accipere,
981 2937 1176 2999 quum
1217 2919 1336 2981 suh
1378 2918 1553 2980 idem
1589 2933 1846 3004 tempus
1888 2939 1966 2982 ex
2008 2917 2587 2981 senatusconsulto

594 2998 680 3062 de
717 2999 1081 3083 provinciis
1119 3000 1331 3085 legem
1365 3001 1613 3074 ferret,
1656 3022 1787 3063 non
1823 3016 1970 3064 ante
2007 3003 2302 3085 quintum
2335 3019 2370 3059 a
2403 2995 2582 3081 gesto

593 3079 956 3165 magistratu
991 3102 1222 3143 annum
1255 3084 1552 3167 cuiquam
1589 3082 2046 3147 decernendi&

265 3201 606 3273 Legatum.
719 3174 1007 3250 XLVIII.
1066 3176 1440 3275 Scripserat
1482 3205 1548 3252 et
1588 3189 1669 3252 de
1708 3190 1993 3253 comitiis
2029 3188 2283 3273 legem,
2328 3207 2398 3245 ne
2428 3186 2609 3262 cujus,

135 3343 154 3359 ν
221 3285 338 3329 tunt
367 3270 568 3354 invaft‘-
597 3267 830 3353 absentis
870 3275 1015 3329 ratio
1054 3274 1115 3331 in
1147 3274 1381 3352 petendo
1419 3272 1737 3353 magistratu
1773 3273 2096 3333 haberetur.-
2162 3267 2279 3332 sed
2302 3282 2341 3343 ‚'
2377 3286 2585 3349 quum

220 3341 570 3407 ‘stum-an*
598 3373 675 3416 ea
724 3371 832 3414 res
878 3352 1122 3414 amicos
1162 3353 1462 3418 Caesaris
1505 3352 1784 3417 mirifice
1825 3351 2231 3422 offenderet,
2288 3347 2583 3412 addidit:

216 3422 371 3481 ΒΨ·
588 3452 977 3517 praeterquam
1016 3433 1078 3514 [ι’
1120 3440 1241 3517 quis
1292 3440 1610 3499 nominatim
1658 3454 1910 3517 exceptus
1954 3435 2103 3513 effer.
2193 3433 2411 3517 Igitur
2432 3473 2448 3503 ,
2513 3440 2587 3490 ut

593 3513 670 3578 fit
710 3529 1019 3599 corrupta
1060 3518 1433 3601 republica,
1490 3516 1750 3600 legibus
1783 3515 2057 3581 invalidi
2098 3514 2587 3580 tantum²⁸coer-

592 3597 940 3675 cebantur3
1000 3602 1359 3681 potentium
1403 3599 1789 3695 cupiditates
1822 3601 2019 3663 nullis
2053 3597 2396 3662 adstrictae
2436 3595 2588 3656 vin·

593 3681 760 3745 culis
815 3693 1019 3742 erant.
1096 3694 1164 3745 et
1208 3685 1604 3766 Pompejus,
1634 3703 1832 3767 ,quae
1880 3682 2179 3768 optabat,
2244 3677 2587 3752 sumebati

668 3853 817 3942 Gap.
848 3869 1023 3925 XLV.
1072 3842 1229 3953 maja.
1266 3881 1326 3927 et
1356 3870 1617 3956 Appian.
1668 3871 1805 3927 Dio.
1857 3871 1949 3945 Ap
1997 3868 2114 3924 ian.
2176 3866 2339 3941 Cap.
2370 3866 2596 3947 XLVI.

590 3934 750 3995 mut.
783 3940 993 4010 Pomp.
1031 3936 1288 4061 Apgian.
1324 3941 1465 3999 Dio.
1510 3942 1631 3997 Cic.
1661 3939 1738 3996 ad
1762 3943 1928 3999 Fam.
1997 3979 2014 4007 ‚
2040 3940 2098 3996 8.
2171 3938 2319 4011 Cep.
2338 3939 2588 3992 XLVII.

591 3998 749 4062 Plut.
804 4007 972 4062 caes.
1018 4005 1091 4060 de
1188 4044 1205 4062 .
1240 4010 1396 4066 cau.
1432 4030 1490 4082 7,
1529 4013 1586 4068 ⁶.
1638 4011 1795 4068 mut.
1830 4020 1889 4067 et
1917 4010 2057 4066 mo.
2128 4007 2280 4080 cap.
2313 4009 2588 4066 xnvlu.

594 4075 842 4133 Sueton.
886 4075 1057 4132 Caes.
1086 4075 1173 4137 ²8.
1207 4075 1348 4136 Dio.
1416 4086 1445 4113 ἱ
1514 4100 1527 4111 -
1664 4092 1721 4119 υ·
2026 4084 2075 4105 -·
2162 4099 2175 4109 -
2478 4100 2495 4113 .
