2717 4667
812 913 1405 992 :IOHANNIS
1484 908 2265 1023 *FREINSHEMH
2326 920 2355 929 “

649 1044 1390 1209 surrnnmnm'ronum
1421 1106 1917 1203 lenmonnm
1946 1030 2176 1165 menn
2201 1106 2447 1168 Lxxn.

838 1266 929 1370 m
971 1272 1277 1339 Locum
1318 1274 1556 1336 [ΑΒΜ
1597 1273 1934 1341 cv11..'r.
1979 1243 2235 1343 L1v11.'

161 1526 280 1591 -u,
312 1525 513 1598 0599,
660 1509 713 1570 1.
752 1506 925 1569 Dum
959 1506 1041 1569 ad
1071 1507 1394 1570 orientem
1428 1506 1555 1570 hoc
1587 1507 1820 1570 vulnus
1855 1508 2096 1592 accipit
2122 1506 2545 1590 respublica3

194 1599 268 1651 A,
291 1600 357 1653 G.
390 1601 481 1656 53.
538 1608 673 1652 non
710 1589 964 1652 minore
1000 1591 1069 1650 in
1102 1604 1281 1652 metu
1320 1590 1621 1673 legiones
1655 1604 1877 1665 erant,
1986 1610 2104 1652 uae
2135 1610 2258 1674 per
2289 1589 2543 1652 Gallias

217 1669 373 1721 ⁶⁰¹¹?
394 1668 502 1722 1⁹⁸¹-
540 1672 661 1735 sub
689 1671 1087 1754 imperatore
1115 1675 1187 1734 C.
1207 1674 1485 1735 Caesare
1514 1672 1870 1734 merebant.
1932 1611 2335 1769 Quamquam
2360 1673 2544 1734 enim

166 1737 509 1812 ῙΜῬΜΜ·
540 1754 811 1816 defensa
859 1775 1073 1839 nuper
1119 1752 1732 1829 Ciceronis·castra,
1805 1754 2079 1817 defensa
2131 1759 2209 1816 Τ.
2250 1754 2541 1816 Labieni

537 1850 725 1900 erant
741 1856 762 1913 3
804 1857 933 1898 non
970 1836 1123 1899 ideo
1151 1851 1373 1898 terror
1401 1837 1613 1897 omnis
1642 1837 2040 1901 exoleverat.
2083 1837 2247 1922 quin
2264 1835 2350 1897 ad
2373 1838 2538 1901 Cae·

540 1939 753 1982 sarem
791 1919 1088 2001 quotidie
1125 1919 1474 1983 veniebant
1509 1918 1771 1993 nuncii,
1831 1919 2059 2001 diversis
2092 1920 2312 1979 Galliae
2347 1927 2535 2000 parti-

539 2002 639 2063 bus
668 2007 865 2082 parari
897 2021 1050 2059 arma
1070 2045 1089 2075 ‚
1147 2006 1264 2083 cogi
1280 2005 1675 2080 juventutem,
1725 2003 2018 2080 conjurare
2055 2006 2202 2061 inter
2222 1999 2286 2083 se
2313 2005 2536 2081 princi-

423 2144 430 2171 ·
536 2101 668 2166 pes,
713 2101 769 2141 et
803 2102 1018 2165 magnos
1051 2083 1245 2164 ubique
1276 2103 1456 2144 motus
1491 2083 1611 2163 effe.
1696 2082 2111 2167 Tasgetium,
2173 2104 2208 2144 a
2248 2084 2530 2145 Caesare

541 2164 672 2227 sibi
711 2184 936 2248 regem
972 2164 1386 2249 impositum,
1432 2166 1749 2228 Carnutes
1784 2186 1998 2249 nuper
2034 2164 2533 2228 interfecerant.

527 2246 613 2307 -id
651 2248 1014 2330 exemplum
1056 2248 1315 2332 sequuti
1356 2250 1692 2320 Senones,
1757 2248 1968 2310 valida
2005 2249 2268 2321 civitas,
2329 2248 2536 2309 Cava-

538 2329 757 2395 rinum
793 2333 1131 2410 ejecerunt
1155 2373 1173 2404 ,
1235 2343 1302 2391 et
1341 2344 1606 2393 vocatus
1651 2329 1731 2391 ad
1765 2331 2231 2414 imperatorem
2266 2343 2536 2393 senatus

541 2430 771 2473 eorum
821 2414 997 2474 dicto
1048 2413 1319 2474 audiens
1372 2432 1504 2473 non
1552 2413 1699 2474 fuit.
1786 2414 2018 2475 Nervii
2069 2412 2533 2495 Atuaticique,

541 2493 662 2556 sed
712 2508 859 2561 ante
907 2515 1131 2568 omnes
1164 2495 1235 2555 in
1268 2495 1567 2557 Treviris
1598 2493 2074 2557 Indutiomarus
2116 2495 2293 2556 omn-i
2330 2514 2534 2556 cona-

536 2588 612 2636 tu
646 2568 997 2638 instruebat
1029 2577 1305 2641 bellum:
1353 2590 1420 2639 et
1442 2618 1459 2650 ,
1506 2597 1886 2661 quamquam
1927 2597 2320 2662 permovere
2356 2578 2537 2639 Ger-

535 2676 761 2719 manos
795 2680 878 2723 ne
928 2661 1214 2733 uiverat,
1263 2672 1336 2720 ut
1370 2658 1585 2720 denuo
1617 2658 1916 2721 Rhenum
1951 2659 2327 2732 transirent,
2372 2660 2539 2722 Gal-

535 2736 753 2802 lorum
784 2763 871 2802 un
920 2743 1072 2824 ique
1102 2734 1520 2804 venientibus
1552 2741 1632 2832 ad
1663 2761 1733 2803 se
1767 2742 2027 2805 nunciis
2058 2741 2534 2804 excitabantur.

189 2870 514 2957 Istumst.
659 2874 735 2937 11.
781 2874 1042 2935 Initium
1075 2873 1236 2936 belli
1272 2872 1493 2937 facere
1533 2873 1613 2935 ab
1652 2893 1828 2957 oppu
1875 2875 2145 2949 natione.
2167 2870 2536 2945 ‚castrorum

160 2956 509 3015 rus-alam.
534 2954 847 3030 Labieni,
897 2976 1060 3039 quae
1095 2971 1281 3018 erant
1313 2958 1382 3017 in
1412 2956 1659 3029 Remis,
1707 2896 2155 3034 conffiitueratt
2200 2956 2317 3019 sed
2351 2955 2539 3018 idem

160 3027 508 3093 ”fuditflr-
536 3037 730 3099 etiam
760 3032 908 3099 finis
943 3038 1006 3099 ei
1037 3037 1465 3101 tumultuandi
1504 3039 1696 3100 simul
1732 3052 1797 3099 et
1823 3038 2093 3103 vivendi
2121 3039 2267 3100 fuit.
2313 3037 2536 3123 Quip-

582 3140 619 3182 e
648 3119 974 3182 Labienus
994 3163 1013 3195 ,
1058 3121 1208 3182 utili
1242 3121 1523 3183 consilio
1543 3163 1559 3194 ,
1609 3141 1991 3205 quamquam
2025 3121 2386 3183 munitione
2419 3142 2534 3183 ca-

530 3143 809 3268 Ῑίῖτοωω
843 3216 1058 3277 tutus,
1118 3216 1361 3265 metum
1398 3222 1477 3264 eo
1516 3223 1725 3286 usque
1758 3203 2123 3278 simulavit,
2181 3202 2391 3264 donec
2426 3205 2536 3264 ni-

533 3283 634 3347 hil
668 3299 1034 3364 metuentes
1065 3286 1422 3362 Treviros,
1470 3298 1555 3357 et,
1599 3282 1737 3368 post
1770 3286 2066 3349 convicia
2097 3284 2535 3369 conjectaque

536 3387 658 3429 suo
706 3388 892 3430 more
940 3369 1111 3431 intra
1154 3367 1394 3433 vallum
1445 3368 1608 3440 tela,
1671 3387 1903 3430 secure
1949 3367 2358 3452 sparsimque
2410 3368 2532 3429 ab-

534 3464 799 3526 eunteS,
843 3451 1116 3513 immiss'o
1151 3464 1428 3535 repente
1467 3450 1759 3535 equitatu
1792 3450 2099 3513 turbavit.
2175 3449 2327 3524 Sed,
2372 3451 2536 3532 quia

531 3547 960 3617 praeceperat
998 3534 1169 3607 suis,
1210 3547 1282 3596 ut
1320 3550 1515 3596 nemo
1552 3532 1739 3617 prius
1775 3546 2149 3617 peteretur,
2194 3553 2380 3616 quam
2422 3534 2535 3593 in-

461 3628 466 3635 ·
529 3613 849 3677 terfectus
885 3615 1355 3694 Indutiomarus
1395 3616 1585 3688 effet,
1644 3613 1713 3676 in
1752 3613 1924 3676 hunc
1956 3629 2091 3677 tota
2130 3613 2233 3677 vis
2277 3615 2534 3677 omnis-

459 3710 464 3717 ‘
531 3715 661 3778 que
702 3698 1035 3759 contentio
1072 3698 1609 3782 persequentium
1648 3718 1875 3771 versa,
1932 3698 2002 3758 in
2044 3699 2192 3841 ipso
2228 3690 2529 3760 fluminis

532 3775 701 3839 vado
740 3778 1092 3863 intercepit
1129 3782 1575 3842 transiturum.
1653 3799 1725 3841 ca
1773 3794 1844 3842 ut
1882 3781 1951 3840 in
1988 3801 2057 3843 ca
2112 3800 2183 3840 ra
2218 3779 2526 3841 relatum.

530 3859 628 3919 Ea
660 3877 771 3920 res
804 3862 1078 3944 cognita·
1096 3882 1230 3924 non
1256 3862 1452 3925 modo
1480 3882 1676 3947 repre
1731 3875 1782 3924 ιι
1805 3863 2164 3941 Treviros3
2209 3860 2327 3925 sed
2349 3866 2529 3926 Ner-

593 4052 761 4123 „Cap.
785 4052 835 4106 Ι.
889 4052 1058 4107 Caes.
1091 4049 1165 4108 de
1195 4051 1268 4111 B.
1294 4048 1450 4110 Gan.
1483 4052 1528 4110 1.
1551 4052 1609 4114 ὅ.
1657 4049 1794 4124 Dio,
1823 4048 1867 4107 1.
1891 4052 1985 4121 40.
2032 4048 2199 4109 Flor.
2222 4049 2284 4122 3,
2315 4066 2403 4109 ιο.
2442 4051 2531 4110 0·

529 4126 740 4208 ros-⁸6,
777 4138 861 4180 ιο.
901 4122 1069 4178 Caes.
