2717 4667
504 187 629 250 aaa
688 183 1253 251 rnmmsuffln
1282 146 2293 249 snrrmmm'ronumnn.
2311 182 2473 249 nvi.

192 396 266 453 U.
285 394 479 469 0.,675.
626 387 820 455 xlv:
846 381 1204 465 Postridie,
1253 411 1451 476 quum
1486 386 1647 452 flare
1678 401 1911 452 ventus
1945 388 2277 474 coepiss'et,
2326 404 2391 452 et
2424 410 2502 452 ex
2572 386 2578 392 ’

193 466 465 549 Α-Οοπ·
510 470 806 557 congesta
849 473 1045 536 humo
1086 473 1429 558 pulverem
1476 472 1546 534 in
1582 461 1787 534 'altum
1830 468 2074 534 efferre
2096 513 2114 544 ‚
2188 472 2501 535 militibus
2584 489 2589 494 ’
2696 499 2697 502 ’

116 536 839 677 ,Ρῦζξζζὲἔζῖπιωίίῐῑὴ
899 555 1217 619 subruere
1255 574 1335 617 ex
1375 556 1507 615 imo
1549 545 1874 617 cumulum
1913 554 2093 615 illum
2125 552 2329 633 justit,
2371 569 2504 617 ter-

92 674 486 744 ‚mmfmmffffm
509 652 777 723 rumque
844 638 1058 700 levem
1121 636 1466 700 admodum
1528 649 1596 700 et
1646 635 1977 697 friabilem
2040 635 2500 726 comminuere.

413 773 418 778 .
507 721 726 804 Atque
770 718 912 792 illa,
972 720 1197 781 labore
1232 717 1597 791 hominum,
1640 737 2102 813 equorumque
2123 759 2140 788 ‚
2199 718 2372 780 ultro
2410 717 2503 779 oi-

505 816 744 886 troque
787 820 985 886 super
1020 805 1161 864 ea'm
1195 798 1733 874 discurrentium,
1781 800 2043 883 ungulis
2077 799 2265 872 trita,
2313 793 2506 883 q‘uum

506 901 543 945 a
577 895 775 946 vento
814 896 995 966 rapta
1035 884 1102 944 in
1145 888 1361 945 aerem
1401 883 1787 954 tolleretur,
1836 880 2051 942 statim
2086 880 2283 943 densa
2315 893 2507 965 quae·

505 964 654 1026 dam
694 965 930 1026 nebula
975 966 1430 1049 speluncarum
1473 963 1625 1026 ostia
1665 961 2109 1047 fenestrasque
2140 960 2505 1025 obturavit:

505 1066 723 1132 neque
767 1045 890 1128 jam
941 1060 1049 1109 aut
1094 1047 1261 1110 lucis
1303 1045 1456 1107 usus
1500 1059 1874 1128 supererat,
1933 1057 2041 1105 aut
2090 1045 2508 1130 reeiprocang-

443 1137 462 1152 ²
505 1128 629 1191 dae
667 1128 918 1190 animae
958 1150 1162 1212 purus
1208 1127 1593 1211 suppetebat
1630 1130 1762 1188 ae'r.
1824 1145 1950 1189 nec
1996 1129 2168 1187 enim
2215 1127 2404 1187 aliam
2437 1127 2508 1187 in

506 1224 761 1297 partem
800 1224 1061 1295 apertae
1104 1211 1368 1272 illorum
1403 1209 1873 1281 habitationes,
1901 1278 1907 1282 ,
1933 1222 2039 1269 aut
2071 1208 2197 1268 ulla
2226 1207 2509 1271 ducendi

510 1292 787 1378 spiritus
822 1293 1014 1376 copia
1049 1291 1339 1355 dabatur.
1425 1291 1640 1353 Biduo
1675 1304 1888 1353 tamen
1925 1288 2357 1353 sustinuerunt
2383 1290 2511 1353 hoc

508 1375 750 1436 malum
793 1374 1072 1436 obseII‘i:
1135 1374 1335 1438 tertio
1381 1372 1524 1449 die,
1588 1372 1740 1459 quia
1792 1386 2263 1458 perseverante
2311 1387 2513 1438 vento

518 1455 1035 1531 suffocabantur,
1083 1471 1235 1520 sunt
1269 1455 1500 1518 dediti.

205 1594 492 1669 pommus
555 1663 559 1668 ⁵
634 1587 781 1654 XV.
827 1589 998 1648 Dum
1034 1589 1201 1671 haee
1239 1604 1593 1673 geruntur,
1637 1591 1706 1653 in
1742 1588 2125 1675 Hispaniam
2159 1585 2514 1671 Pompeius

134 1666 194 1719 ὓ·
224 1666 492 1749 Ηῑψξΰῖ·
518 1668 738 1742 venit‚
800 1671 1170 1772 arrectique
1222 1673 1506 1734 omnium
1549 1675 1749 1736 animi
1794 1686 2012 1746 erant,
2069 1686 2143 1734 ut
2179 1672 2377 1744 solet,
2432 1668 2516 1730 ad

133 1754 223 1828 ’Ψ
256 1745 423 1834 νῆ’ω·
518 1753 678 1816 novi
714 1751 1130 1836 imperatoris
1160 1754 1428 1817 famam:
1483 1757 1801 1841 multique
1839 1754 2104 1838 populi,
2149 1754 2260 1838 qui
2297 1754 2513 1814 minus

521 1832 887 1917 constanter
927 1834 1367 1912 adhaerebant
1403 1837 1743 1911 Sertorio,
1785 1835 2035 1917 jamiam
2065 1836 2371 1898 mutaturi
2405 1855 2517 1896 so-

520 1919 665 1981 oios
727 1915 1135 1980 videbantur.
1234 1918 1368 1980 Sed
1429 1917 1792 2016 insperatus
1852 1919 1933 1979 ad
1986 1920 2352 2002 Lauronem
2411 1937 2521 1978 ca-

524 2019 635 2062 sus
673 2014 737 2061 et
772 1997 1006 2060 dubios
1048 2000 1116 2059 in
1154 1997 1381 2062 officio
1413 2002 1729 2074 retinuit‘,
1776 2015 1842 2063 et
1879 1998 2047 2062 fidos
2087 1998 2519 2062 confirmavit.

521 2081 861 2145 Sertorius
902 2100 1041 2142 eam
1074 2081 1304 2143 urbem
1340 2077 1715 2156 obsidebat,
1761 2104 1958 2166 quum
1995 2081 2366 2144 universum
2405 2101 2522 2143 ex-

521 2164 805 2226 ercitum
835 2184 1041 2236 suum,
1085 2164 1258 2248 apud
1279 2163 1657 2227 Pallantiam
1690 2163 2048 2227 donvenire
2082 2163 2329 2244 jatrum,
2360 2181 2522 2225 sut·-

524 2243 832 2309 cursurus
883 2245 1147 2307 obseffis
1197 2245 1551 2331 Pompeius
1602 2247 1890 2308 adduxit.
1989 2246 2307 2312 Tumulus
2346 2243 2524 2306 haud

434 2341 442 2348 “
484 2327 758 2412 ‘procul
815 2327 978 2389 urbe
1034 2327 1396 2400 visebatur,
1466 2350 1658 2414 quem
1710 2329 1824 2413 qui
1873 2327 2062 2412 prior
2114 2326 2520 2411 oocupasset‚

519 2422 927 2494 magna-erat
963 2431 1043 2471 ex
1075 2410 1225 2472 loco
1261 2411 1597 2473 commoda
1624 2410 1986 2473 habiturus.
2069 2411 2364 2493 Utroque
2401 2407 2524 2468 du-

518 2512 599 2554 ce
639 2506 1039 2577 properante
1062 2534 1080 2566 ,
1143 2494 1480 2555 Sertorius
1524 2514 1719 2579 quum
1764 2492 2231 2575 praeveniss'et,
2298 2490 2526 2553 exclu-

520 2574 627 2637 sus
668 2594 742 2636 ea
787 2594 904 2658 spe
933 2574 1286 2658 Pompeius
1327 2573 1502 2637 haud
1542 2596 1624 2637 eo
1660 2577 1873 2636 minus
1910 2575 2081 2636 laeto
2119 2574 2334 2635 animo
2365 2591 2398 2633 a
2449 2592 2526 2634 e-

513 2656 657 2730 bat,
705 2655 879 2739 quod
912 2657 1085 2718 inter
1119 2678 1303 2718 suum
1331 2657 1689 2721 exereitum
1726 2667 1791 2718 et
1813 2659 2178 2722 Lauronem
2206 2656 2418 2717 intere
2448 2677 2528 2720 u-

519 2738 619 2801 sas
661 2738 945 2802 Sertorii
995 2738 1219 2822 copias
1269 2750 1501 2801 tenere
1545 2739 1833 2801 rebatur.
1915 2738 2156 2822 Igitur,
2201 2737 2401 2799 miffis
2439 2735 2527 2798 ad

518 2819 972 2884 Lauronenses
1011 2820 1307 2894 nunciis,
1370 2819 1547 2883 bono
1602 2822 1815 2881 animo
1869 2822 1998 2882 ess'e
2041 2818 2259 2899 jubet,
2324 2832 2527 2904 atque

520 2900 942 3046 fonfsidentes
988 2902 1057 2963 in
1100 2893 1445 2965 moenibus
1488 2902 1730 3000 obsessi
1778 2902 2131 2966 obsess'oris
2181 2916 2530 2988 spectacu-

549 3006 588 3048 ο
663 3006 787 3046 rm.

101 3133 108 3137 ·
163 3125 396 3180 serm&
408 3140 501 3178 ar.
647 3109 822 3170 XVI.
878 3109 1214 3173 Sertorius
1236 3154 1254 3185 ‚
1306 3108 1608 3192 iactantia
1648 3109 1950 3194 Pompeii
2002 3119 2369 3192 comperta,
2428 3102 2534 3164 ri-

141 3199 293 3250 tibus
329 3212 482 3267 =<upe-
526 3190 689 3254 dens
735 3200 860 3265 ait,
909 3192 972 3273 ft
1008 3193 1326 3275 discipulum
1354 3189 1540 3254 Sullae
1578 3192 1723 3274 (sio
1748 3192 2124 3277 ,appellabat
2159 3210 2308 3252 eum
2348 3186 2535 3248 ludi-

139 3279 331 3321 '⁰⁰⁰3
524 3273 658 3335 brii
710 3274 961 3355 cauffa)
1014 3275 1301 3335 docturum
1320 3317 1339 3344 ,
1407 3273 1596 3335 dehere
1638 3274 1763 3355 plus
1803 3275 2061 3356 respicere
2098 3278 2482 3353 imperatorem
2505 3310 2527 3343 ‚

523 3377 684 3438 quam
726 3355 1044 3437 prospicere.
1131 3357 1338 3419 Simul
1380 3352 1653 3420 ostendit
1698 3341 1973 3419 obseffis
2018 3376 2132 3417 sex
2168 3352 2377 3415 millia.
2405 3371 2538 3435 pe·-

526 3436 732 3500 ditum
776 3438 1114 3521 prioribus
1158 3440 1225 3499 in
1275 3435 1495 3501 eastris
1536 3439 1807 3511 relicta,
1872 3453 1944 3499 ut
1979 3434 2400 3520 Pompeium,
2469 3433 2538 3495 si

525 3522 594 3581 in
633 3540 705 3582 se
739 3519 1034 3583 moviss'et
1070 3521 1276 3604 signa,
1319 3542 1355 3582 a
1386 3534 1579 3604 tergo
1612 3518 2151 3605 aggrederentur.
2208 3520 2299 3578 Ita
2325 3519 2539 3578 Pom-

521 3602 659 3686 peji
683 3602 992 3686 gaudium
1022 3603 1283 3666 irritum
1317 3603 1451 3664 cito
1488 3604 1557 3666 in
1591 3622 1854 3687 gravem
1887 3599 2350 3668 verecundiam
2372 3619 2542 3660 ver-

525 3685 628 3746 tit.
711 3688 904 3760 Nam,
964 3684 1180 3748 serius
1228 3704 1463 3748 errore
1498 3685 1800 3769 cognito,
1849 3704 2045 3769 quum
2088 3701 2304 3767 neque
2341 3682 2542 3743 inva-

526 3764 688 3830 dere
716 3767 1082 3830 Sertorium
1101 3809 1120 3843 ‚
1166 3788 1250 3831 ne
1285 3764 1909 3841 circumveniretur,
1952 3765 2258 3840 auderet,
2303 3782 2538 3847 neque

2278 3865 2444 3933 prae

587 4036 736 4107 Cap.
772 4038 904 4092 XV.
953 4037 1107 4098 Plut.
1159 4040 1371 4111 Pomp.
1409 4054 1461 4098 e.
1493 4035 1581 4099 28.
1630 4036 1785 4096 Plut.
1842 4037 2074 4098 Set-tor.
2120 4034 2295 4093 Oros.
2328 4032 2397 4105 ὅ,
2438 4034 2537 4093 ¹3·

523 4102 677 4164 Plut.
720 4103 954 4165 Sertor.
1757 4147 1765 4158 .
1842 4165 1857 4174 .
1946 4141 1985 4157 ..
2010 4127 2039 4152 η
2270 4139 2277 4148 .
