<?xml version="1.0" encoding="UTF-8"?>
<!DOCTYPE html PUBLIC "-//W3C//DTD XHTML 1.0 Transitional//EN"
    "http://www.w3.org/TR/xhtml1/DTD/xhtml1-transitional.dtd">
<html xmlns="http://www.w3.org/1999/xhtml" xml:lang="en" lang="en">
 <head>
  <title>
</title>
<meta http-equiv="Content-Type" content="text/html;charset=utf-8" />
  <meta name='ocr-system' content='tesseract 3.04.00' />
  <meta name='ocr-capabilities' content='ocr_page ocr_carea ocr_par ocr_line ocrx_word'/>
</head>
<body>
  <div class='ocr_page' id='page_1' title='image "./tliviipatavinih14unkngoog_0439.png"; bbox 0 0 2717 4667; ppageno 0'>
   <div class='ocr_carea' id='block_1_1' title="bbox 1472 94 1488 132">
    <p class='ocr_par' dir='ltr' id='par_1_1' title="bbox 1472 94 1488 132">
     <span class='ocr_line' id='line_1_1' title="bbox 1472 94 1488 132; baseline 0 0"><span class='ocrx_word' id='word_1_1' title='bbox 1472 94 1488 132; x_wconf 70' lang='lat' dir='ltr'>t</span> 
     </span>
    </p>
   </div>
   <div class='ocr_carea' id='block_1_2' title="bbox 564 171 2140 292">
    <p class='ocr_par' dir='ltr' id='par_1_2' title="bbox 564 171 2140 292">
     <span class='ocr_line' id='line_1_2' title="bbox 564 171 2140 292; baseline 0.006 -24"><span class='ocrx_word' id='word_1_2' title='bbox 564 208 654 271; x_wconf 79' lang='lat' dir='ltr'>IN</span> <span class='ocrx_word' id='word_1_3' title='bbox 688 171 995 271; x_wconf 70' lang='lat' dir='ltr'>Locum</span> <span class='ocrx_word' id='word_1_4' title='bbox 1039 206 1206 270; x_wconf 80' lang='lat' dir='ltr'>Lm.</span> <span class='ocrx_word' id='word_1_5' title='bbox 1250 203 1481 272; x_wconf 75' lang='lat' dir='ltr'><strong>xmx.</strong></span> <span class='ocrx_word' id='word_1_6' title='bbox 1525 209 1757 280; x_wconf 76' lang='lat' dir='ltr'>mvn,</span> <span class='ocrx_word' id='word_1_7' title='bbox 1865 215 1870 228; x_wconf 92' lang='lat'><em>·</em></span> <span class='ocrx_word' id='word_1_8' title='bbox 2023 215 2140 292; x_wconf 73' lang='lat'>431</span> 
     </span>
    </p>
   </div>
   <div class='ocr_carea' id='block_1_3' title="bbox 96 407 2489 604">
    <p class='ocr_par' dir='ltr' id='par_1_3' title="bbox 96 407 2489 604">
     <span class='ocr_line' id='line_1_3' title="bbox 96 407 2489 507; baseline 0.001 -28"><span class='ocrx_word' id='word_1_9' title='bbox 96 407 395 503; x_wconf 47' lang='lat' dir='ltr'>&#39;quibam</span> <span class='ocrx_word' id='word_1_10' title='bbox 460 416 620 502; x_wconf 86' lang='lat' dir='ltr'>quin</span> <span class='ocrx_word' id='word_1_11' title='bbox 666 429 814 476; x_wconf 78' lang='lat' dir='ltr'>ante</span> <span class='ocrx_word' id='word_1_12' title='bbox 864 435 1090 479; x_wconf 75' lang='lat' dir='ltr'>omnes</span> <span class='ocrx_word' id='word_1_13' title='bbox 1130 417 1314 480; x_wconf 89' lang='lat' dir='ltr'>illum</span> <span class='ocrx_word' id='word_1_14' title='bbox 1347 420 1680 483; x_wconf 79' lang='lat' dir='ltr'>electurus</span> <span class='ocrx_word' id='word_1_15' title='bbox 1717 424 2000 507; x_wconf 74' lang='lat' dir='ltr'>populus</span> <span class='ocrx_word' id='word_1_16' title='bbox 2037 446 2143 486; x_wconf 79' lang='lat' dir='ltr'>es·</span> <span class='ocrx_word' id='word_1_17' title='bbox 2202 425 2489 500; x_wconf 56' lang='lat' dir='ltr'>amona.</span> 
     </span>
     <span class='ocr_line' id='line_1_4' title="bbox 129 497 2473 604; baseline 0.001 -42"><span class='ocrx_word' id='word_1_18' title='bbox 129 515 255 563; x_wconf 83' lang='lat' dir='ltr'>set.</span> <span class='ocrx_word' id='word_1_19' title='bbox 317 500 560 584; x_wconf 82' lang='lat' dir='ltr'>idque,</span> <span class='ocrx_word' id='word_1_20' title='bbox 608 498 801 562; x_wconf 84' lang='lat' dir='ltr'>simul</span> <span class='ocrx_word' id='word_1_21' title='bbox 851 513 1044 582; x_wconf 82' lang='lat' dir='ltr'>atque</span> <span class='ocrx_word' id='word_1_22' title='bbox 1092 499 1363 563; x_wconf 83' lang='lat' dir='ltr'>recitata</span> <span class='ocrx_word' id='word_1_23' title='bbox 1413 503 1517 564; x_wconf 80' lang='lat' dir='ltr'>lex</span> <span class='ocrx_word' id='word_1_24' title='bbox 1559 518 1735 577; x_wconf 82' lang='lat' dir='ltr'>erat,</span> <span class='ocrx_word' id='word_1_25' title='bbox 1792 508 2145 604; x_wconf 62' lang='lat' dir='ltr'>apparebat</span> <span class='ocrx_word' id='word_1_26' title='bbox 2202 497 2473 564; x_wconf 68' lang='grc' dir='ltr'>Α·()·67·</span> 
     </span>
    </p>
   </div>
   <div class='ocr_carea' id='block_1_4' title="bbox 124 545 2473 728">
    <p class='ocr_par' dir='ltr' id='par_1_4' title="bbox 124 545 2473 728">
     <span class='ocr_line' id='line_1_5' title="bbox 124 545 2473 727; baseline 0 -81"><span class='ocrx_word' id='word_1_27' title='bbox 124 584 429 727; x_wconf 57' lang='lat' dir='ltr'>fulturam</span> <span class='ocrx_word' id='word_1_28' title='bbox 473 583 640 655; x_wconf 80' lang='lat' dir='ltr'>effe,</span> <span class='ocrx_word' id='word_1_29' title='bbox 702 581 956 643; x_wconf 77' lang='lat' dir='ltr'>cunctis</span> <span class='ocrx_word' id='word_1_30' title='bbox 999 580 1204 646; x_wconf 77' lang='lat' dir='ltr'>statim</span> <span class='ocrx_word' id='word_1_31' title='bbox 1242 583 1322 645; x_wconf 82' lang='lat' dir='ltr'>ad</span> <span class='ocrx_word' id='word_1_32' title='bbox 1351 586 1739 671; x_wconf 85' lang='lat' dir='ltr'>Pompejum</span> <span class='ocrx_word' id='word_1_33' title='bbox 1775 591 2140 673; x_wconf 73' lang='lat' dir='ltr'>respicien-</span> <span class='ocrx_word' id='word_1_34' title='bbox 2157 545 2473 722; x_wconf 49' lang='grc' dir='ltr'>ἕὲἧῖῖἐὲ</span> 
     </span>
     <span class='ocr_line' id='line_1_6' title="bbox 130 681 791 728; baseline -0.012 0"><span class='ocrx_word' id='word_1_35' title='bbox 130 681 184 728; x_wconf 71' lang='lat' dir='ltr'>tl</span> <span class='ocrx_word' id='word_1_36' title='bbox 234 687 341 727; x_wconf 74' lang='lat'>118.</span> <span class='ocrx_word' id='word_1_37' title='bbox 784 703 791 708; x_wconf 89' lang='lat'><em>-</em></span> 
     </span>
    </p>
   </div>
   <div class='ocr_carea' id='block_1_5' title="bbox 132 770 2150 1762">
    <p class='ocr_par' dir='ltr' id='par_1_5' title="bbox 132 770 2150 1105">
     <span class='ocr_line' id='line_1_7' title="bbox 260 770 2148 856; baseline 0.003 -21"><span class='ocrx_word' id='word_1_38' title='bbox 260 774 378 835; x_wconf 84' lang='lat' dir='ltr'>IX.</span> <span class='ocrx_word' id='word_1_39' title='bbox 428 770 563 834; x_wconf 83' lang='lat' dir='ltr'>Sed</span> <span class='ocrx_word' id='word_1_40' title='bbox 599 772 856 844; x_wconf 81' lang='lat' dir='ltr'>Patres,</span> <span class='ocrx_word' id='word_1_41' title='bbox 902 773 1281 856; x_wconf 70' lang='lat' dir='ltr'>quamquam</span> <span class='ocrx_word' id='word_1_42' title='bbox 1316 773 1387 834; x_wconf 87' lang='lat' dir='ltr'>in</span> <span class='ocrx_word' id='word_1_43' title='bbox 1421 777 1511 835; x_wconf 83' lang='lat' dir='ltr'>M.</span> <span class='ocrx_word' id='word_1_44' title='bbox 1538 773 1834 840; x_wconf 82' lang='lat' dir='ltr'>Antonio</span> <span class='ocrx_word' id='word_1_45' title='bbox 1864 776 2148 840; x_wconf 82' lang='lat' dir='ltr'><strong>similem</strong></span> 
     </span>
     <span class='ocr_line' id='line_1_8' title="bbox 132 853 2145 943; baseline 0.003 -26"><span class='ocrx_word' id='word_1_46' title='bbox 132 870 285 918; x_wconf 84' lang='lat' dir='ltr'>ante</span> <span class='ocrx_word' id='word_1_47' title='bbox 328 853 735 940; x_wconf 79' lang='lat' dir='ltr'>potestatem·</span> <span class='ocrx_word' id='word_1_48' title='bbox 753 853 1073 925; x_wconf 82' lang='lat' dir='ltr'>tulerant,</span> <span class='ocrx_word' id='word_1_49' title='bbox 1120 857 1355 937; x_wconf 83' lang='lat' dir='ltr'>partim</span> <span class='ocrx_word' id='word_1_50' title='bbox 1398 858 1864 933; x_wconf 79' lang='lat' dir='ltr'><strong>aemulatione,</strong></span> <span class='ocrx_word' id='word_1_51' title='bbox 1917 860 2145 943; x_wconf 83' lang='lat' dir='ltr'>plures</span> 
     </span>
     <span class='ocr_line' id='line_1_9' title="bbox 132 937 2146 1023; baseline 0.002 -24"><span class='ocrx_word' id='word_1_52' title='bbox 132 953 315 1001; x_wconf 84' lang='lat' dir='ltr'>metu</span> <span class='ocrx_word' id='word_1_53' title='bbox 349 937 669 1020; x_wconf 63' lang='lat' dir='ltr'>correpti,</span> <span class='ocrx_word' id='word_1_54' title='bbox 713 954 798 997; x_wconf 88' lang='lat' dir='ltr'>ne</span> <span class='ocrx_word' id='word_1_55' title='bbox 833 950 1167 1020; x_wconf 85' lang='lat' dir='ltr'>acceptum</span> <span class='ocrx_word' id='word_1_56' title='bbox 1207 940 1412 1001; x_wconf 84' lang='lat' dir='ltr'>semel</span> <span class='ocrx_word' id='word_1_57' title='bbox 1438 939 1786 1023; x_wconf 78' lang='lat' dir='ltr'>imperium</span> <span class='ocrx_word' id='word_1_58' title='bbox 1811 943 1926 1002; x_wconf 90' lang='lat' dir='ltr'>Cn.</span> <span class='ocrx_word' id='word_1_59' title='bbox 1950 944 2146 1004; x_wconf 88' lang='lat' dir='ltr'>Pom-</span> 
     </span>
     <span class='ocr_line' id='line_1_10' title="bbox 132 1018 2150 1105; baseline 0.002 -22"><span class='ocrx_word' id='word_1_60' title='bbox 132 1020 367 1105; x_wconf 72' lang='lat' dir='ltr'>peius,</span> <span class='ocrx_word' id='word_1_61' title='bbox 417 1018 723 1105; x_wconf 83' lang='lat' dir='ltr'>quamdiu</span> <span class='ocrx_word' id='word_1_62' title='bbox 763 1018 1006 1091; x_wconf 77' lang='lat' dir='ltr'>vellet,</span> <span class='ocrx_word' id='word_1_63' title='bbox 1054 1020 1416 1100; x_wconf 83' lang='lat' dir='ltr'>retineret3</span> <span class='ocrx_word' id='word_1_64' title='bbox 1482 1023 1574 1083; x_wconf 86' lang='lat' dir='ltr'>ita</span> <span class='ocrx_word' id='word_1_65' title='bbox 1610 1020 2032 1098; x_wconf 84' lang='lat' dir='ltr'>resistebant,</span> <span class='ocrx_word' id='word_1_66' title='bbox 2077 1037 2150 1087; x_wconf 90' lang='lat' dir='ltr'>ut</span> 
     </span>
    </p>

    <p class='ocr_par' dir='ltr' id='par_1_6' title="bbox 133 1093 2150 1762">
     <span class='ocr_line' id='line_1_11' title="bbox 182 1093 2150 1200; baseline 0.003 -36"><span class='ocrx_word' id='word_1_67' title='bbox 182 1093 361 1165; x_wconf 72' lang='lat' dir='ltr'>otius</span> <span class='ocrx_word' id='word_1_68' title='bbox 405 1097 916 1200; x_wconf 71' lang='lat' dir='ltr'>omnia&#39;piratici</span> <span class='ocrx_word' id='word_1_69' title='bbox 952 1099 1204 1164; x_wconf 84' lang='lat' dir='ltr'>furoris</span> <span class='ocrx_word' id='word_1_70' title='bbox 1245 1103 1651 1166; x_wconf 81' lang='lat' dir='ltr'>incommoda</span> <span class='ocrx_word' id='word_1_71' title='bbox 1676 1145 1695 1179; x_wconf 85' lang='lat'>,</span> <span class='ocrx_word' id='word_1_72' title='bbox 1743 1126 1930 1189; x_wconf 86' lang='lat' dir='ltr'>quam</span> <span class='ocrx_word' id='word_1_73' title='bbox 1971 1105 2150 1172; x_wconf 79' lang='lat' dir='ltr'>istam</span> 
     </span>
     <span class='ocr_line' id='line_1_12' title="bbox 161 1181 2147 1282; baseline 0.003 -36"><span class='ocrx_word' id='word_1_74' title='bbox 161 1205 393 1269; x_wconf 83' lang='lat' dir='ltr'><strong>egem,</strong></span> <span class='ocrx_word' id='word_1_75' title='bbox 437 1184 678 1282; x_wconf 63' lang='lat' dir='ltr'>Falsum</span> <span class='ocrx_word' id='word_1_76' title='bbox 707 1181 1115 1245; x_wconf 76' lang='lat' dir='ltr'>viderentur.</span> <span class='ocrx_word' id='word_1_77' title='bbox 1201 1184 1378 1281; x_wconf 77' lang='lat' dir='ltr'>Quip</span> <span class='ocrx_word' id='word_1_78' title='bbox 1429 1207 1466 1248; x_wconf 86' lang='lat' dir='ltr'>e</span> <span class='ocrx_word' id='word_1_79' title='bbox 1496 1189 1698 1248; x_wconf 86' lang='lat' dir='ltr'>totius</span> <span class='ocrx_word' id='word_1_80' title='bbox 1732 1208 1904 1271; x_wconf 87' lang='lat' dir='ltr'>pene</span> <span class='ocrx_word' id='word_1_81' title='bbox 1937 1203 2147 1251; x_wconf 84' lang='lat' dir='ltr'>terra-</span> 
     </span>
     <span class='ocr_line' id='line_1_13' title="bbox 133 1264 2148 1356; baseline 0.001 -26"><span class='ocrx_word' id='word_1_82' title='bbox 133 1290 284 1330; x_wconf 86' lang='lat' dir='ltr'>rum</span> <span class='ocrx_word' id='word_1_83' title='bbox 321 1267 509 1329; x_wconf 72' lang='lat' dir='ltr'>orbis</span> <span class='ocrx_word' id='word_1_84' title='bbox 544 1264 894 1349; x_wconf 86' lang='lat' dir='ltr'>imperium</span> <span class='ocrx_word' id='word_1_85' title='bbox 938 1265 1052 1325; x_wconf 90' lang='lat' dir='ltr'>uni</span> <span class='ocrx_word' id='word_1_86' title='bbox 1092 1265 1238 1329; x_wconf 79' lang='lat' dir='ltr'>viro</span> <span class='ocrx_word' id='word_1_87' title='bbox 1280 1267 1361 1330; x_wconf 88' lang='lat' dir='ltr'>de</span> <span class='ocrx_word' id='word_1_88' title='bbox 1395 1269 1702 1331; x_wconf 80' lang='lat' dir='ltr'>erebatur</span> <span class='ocrx_word' id='word_1_89' title='bbox 1725 1312 1742 1342; x_wconf 92' lang='lat'>‚</span> <span class='ocrx_word' id='word_1_90' title='bbox 1808 1271 1986 1356; x_wconf 83' lang='lat' dir='ltr'>quod</span> <span class='ocrx_word' id='word_1_91' title='bbox 2032 1271 2148 1334; x_wconf 84' lang='lat' dir='ltr'>ad-</span> 
     </span>
     <span class='ocr_line' id='line_1_14' title="bbox 138 1349 2148 1437; baseline 0 -24"><span class='ocrx_word' id='word_1_92' title='bbox 138 1351 460 1434; x_wconf 80' lang='lat' dir='ltr'>seriptum</span> <span class='ocrx_word' id='word_1_93' title='bbox 501 1349 636 1432; x_wconf 83' lang='lat' dir='ltr'>legi</span> <span class='ocrx_word' id='word_1_94' title='bbox 674 1361 814 1409; x_wconf 86' lang='lat' dir='ltr'>erat</span> <span class='ocrx_word' id='word_1_95' title='bbox 830 1390 855 1422; x_wconf 78' lang='grc'>,.</span> <span class='ocrx_word' id='word_1_96' title='bbox 909 1352 997 1408; x_wconf 80' lang='lat' dir='ltr'>uti</span> <span class='ocrx_word' id='word_1_97' title='bbox 1043 1366 1158 1407; x_wconf 88' lang='lat' dir='ltr'>toto</span> <span class='ocrx_word' id='word_1_98' title='bbox 1199 1355 1380 1423; x_wconf 86' lang='lat' dir='ltr'>mari,</span> <span class='ocrx_word' id='word_1_99' title='bbox 1450 1369 1505 1411; x_wconf 82' lang='lat' dir='ltr'>et</span> <span class='ocrx_word' id='word_1_100' title='bbox 1544 1352 1619 1410; x_wconf 86' lang='lat' dir='ltr'>ad</span> <span class='ocrx_word' id='word_1_101' title='bbox 1659 1351 2148 1437; x_wconf 65' lang='lat' dir='ltr'>quinquagesimum</span> 
     </span>
     <span class='ocr_line' id='line_1_15' title="bbox 138 1428 2146 1518; baseline 0.001 -26"><span class='ocrx_word' id='word_1_102' title='bbox 138 1453 173 1492; x_wconf 85' lang='lat' dir='ltr'>a</span> <span class='ocrx_word' id='word_1_103' title='bbox 212 1437 356 1492; x_wconf 88' lang='lat' dir='ltr'>mari</span> <span class='ocrx_word' id='word_1_104' title='bbox 401 1430 726 1492; x_wconf 85' lang='lat' dir='ltr'>milliarium</span> <span class='ocrx_word' id='word_1_105' title='bbox 744 1471 762 1504; x_wconf 91' lang='lat'><strong>,</strong></span> <span class='ocrx_word' id='word_1_106' title='bbox 820 1428 1258 1512; x_wconf 63' lang='lat' dir='ltr'>proconsularem</span> <span class='ocrx_word' id='word_1_107' title='bbox 1308 1432 1622 1513; x_wconf 73' lang='lat' dir='ltr'>potestatem</span> <span class='ocrx_word' id='word_1_108' title='bbox 1676 1433 1897 1494; x_wconf 85' lang='lat' dir='ltr'>haberet</span> <span class='ocrx_word' id='word_1_109' title='bbox 1913 1458 1931 1495; x_wconf 93' lang='lat'>.·</span> <span class='ocrx_word' id='word_1_110' title='bbox 1992 1457 2146 1518; x_wconf 87' lang='lat' dir='ltr'>reges</span> 
     </span>
     <span class='ocr_line' id='line_1_16' title="bbox 137 1511 2143 1598; baseline 0.001 -23"><span class='ocrx_word' id='word_1_111' title='bbox 137 1519 488 1595; x_wconf 79' lang='lat' dir='ltr'><em>nationesque</em></span> <span class='ocrx_word' id='word_1_112' title='bbox 528 1532 709 1573; x_wconf 81' lang='lat' dir='ltr'>omnes</span> <span class='ocrx_word' id='word_1_113' title='bbox 751 1511 967 1572; x_wconf 83' lang='lat' dir='ltr'>auxilia</span> <span class='ocrx_word' id='word_1_114' title='bbox 995 1519 1207 1593; x_wconf 80' lang='lat' dir='ltr'>petenti</span> <span class='ocrx_word' id='word_1_115' title='bbox 1237 1519 1560 1576; x_wconf 80' lang='lat' dir='ltr'>mitterent.-</span> <span class='ocrx_word' id='word_1_116' title='bbox 1596 1521 1853 1596; x_wconf 87' lang='lat' dir='ltr'>pecuniae</span> <span class='ocrx_word' id='word_1_117' title='bbox 1880 1537 2143 1598; x_wconf 82' lang='lat' dir='ltr'>quantum</span> 
     </span>
     <span class='ocr_line' id='line_1_17' title="bbox 138 1593 2142 1683; baseline 0.001 -25"><span class='ocrx_word' id='word_1_118' title='bbox 138 1596 307 1658; x_wconf 85' lang='lat' dir='ltr'>vellet</span> <span class='ocrx_word' id='word_1_119' title='bbox 322 1640 341 1670; x_wconf 90' lang='lat'><strong>‚</strong></span> <span class='ocrx_word' id='word_1_120' title='bbox 386 1617 457 1656; x_wconf 86' lang='lat' dir='ltr'>ex</span> <span class='ocrx_word' id='word_1_121' title='bbox 499 1598 719 1655; x_wconf 87' lang='lat' dir='ltr'>aerario</span> <span class='ocrx_word' id='word_1_122' title='bbox 762 1613 818 1653; x_wconf 80' lang='lat' dir='ltr'>et</span> <span class='ocrx_word' id='word_1_123' title='bbox 857 1614 893 1653; x_wconf 88' lang='lat' dir='ltr'>a</span> <span class='ocrx_word' id='word_1_124' title='bbox 929 1593 1232 1675; x_wconf 78' lang='lat' dir='ltr'>publicanis</span> <span class='ocrx_word' id='word_1_125' title='bbox 1254 1597 1504 1678; x_wconf 69' lang='lat' dir='ltr'>ficmeret</span> <span class='ocrx_word' id='word_1_126' title='bbox 1520 1620 1539 1658; x_wconf 93' lang='lat'>.·</span> <span class='ocrx_word' id='word_1_127' title='bbox 1579 1596 1817 1659; x_wconf 85' lang='lat' dir='ltr'>militum</span> <span class='ocrx_word' id='word_1_128' title='bbox 1835 1600 2142 1683; x_wconf 72' lang='lat' dir='ltr'>sociorum-</span> 
     </span>
     <span class='ocr_line' id='line_1_18' title="bbox 143 1675 1584 1762; baseline 0.001 -23"><span class='ocrx_word' id='word_1_129' title='bbox 143 1700 245 1762; x_wconf 82' lang='lat' dir='ltr'>que</span> <span class='ocrx_word' id='word_1_130' title='bbox 283 1678 559 1740; x_wconf 78' lang='lat' dir='ltr'>navalium</span> <span class='ocrx_word' id='word_1_131' title='bbox 600 1675 842 1737; x_wconf 80' lang='lat' dir='ltr'>delectus</span> <span class='ocrx_word' id='word_1_132' title='bbox 871 1676 977 1759; x_wconf 86' lang='lat' dir='ltr'>suo</span> <span class='ocrx_word' id='word_1_133' title='bbox 1019 1678 1303 1740; x_wconf 83' lang='lat' dir='ltr'>arbitratu</span> <span class='ocrx_word' id='word_1_134' title='bbox 1341 1678 1584 1740; x_wconf 86' lang='lat' dir='ltr'>haberet.</span> 
     </span>
    </p>
   </div>
   <div class='ocr_carea' id='block_1_6' title="bbox 133 1801 2488 2787">
    <p class='ocr_par' dir='ltr' id='par_1_7' title="bbox 133 1801 2488 2787">
     <span class='ocr_line' id='line_1_19' title="bbox 267 1801 2488 1889; baseline 0.005 -28"><span class='ocrx_word' id='word_1_135' title='bbox 267 1802 351 1862; x_wconf 83' lang='lat' dir='ltr'>X.</span> <span class='ocrx_word' id='word_1_136' title='bbox 405 1801 611 1885; x_wconf 80' lang='lat' dir='ltr'><strong>Igitur</strong></span> <span class='ocrx_word' id='word_1_137' title='bbox 650 1813 823 1862; x_wconf 89' lang='lat' dir='ltr'>tanta</span> <span class='ocrx_word' id='word_1_138' title='bbox 862 1801 1285 1865; x_wconf 83' lang='lat' dir='ltr'>contentione</span> <span class='ocrx_word' id='word_1_139' title='bbox 1326 1827 1414 1889; x_wconf 84' lang='lat' dir='ltr'>pu</span> <span class='ocrx_word' id='word_1_140' title='bbox 1511 1818 1682 1866; x_wconf 85' lang='lat' dir='ltr'>atum</span> <span class='ocrx_word' id='word_1_141' title='bbox 1720 1801 1842 1878; x_wconf 80' lang='lat' dir='ltr'>est,</span> <span class='ocrx_word' id='word_1_142' title='bbox 1908 1818 1979 1866; x_wconf 89' lang='lat' dir='ltr'>ut</span> <span class='ocrx_word' id='word_1_143' title='bbox 2024 1823 2166 1889; x_wconf 80' lang='lat' dir='ltr'>pa··</span> <span class='ocrx_word' id='word_1_144' title='bbox 2201 1802 2303 1857; x_wconf 68' lang='lat'>0¹¹3</span> <span class='ocrx_word' id='word_1_145' title='bbox 2328 1817 2488 1871; x_wconf 67' lang='lat' dir='ltr'><em>&#39;‘P“-</em></span> 
     </span>
     <span class='ocr_line' id='line_1_20' title="bbox 142 1872 2477 1979; baseline 0 -34"><span class='ocrx_word' id='word_1_146' title='bbox 142 1905 288 1945; x_wconf 87' lang='lat' dir='ltr'>rum</span> <span class='ocrx_word' id='word_1_147' title='bbox 323 1882 641 1957; x_wconf 83' lang='lat' dir='ltr'>abfuerit,</span> <span class='ocrx_word' id='word_1_148' title='bbox 687 1881 845 1979; x_wconf 65' lang='lat' dir='ltr'>quin</span> <span class='ocrx_word' id='word_1_149' title='bbox 878 1883 1196 1946; x_wconf 85' lang='lat' dir='ltr'>Gabinius</span> <span class='ocrx_word' id='word_1_150' title='bbox 1231 1886 1303 1948; x_wconf 88' lang='lat' dir='ltr'>in</span> <span class='ocrx_word' id='word_1_151' title='bbox 1334 1891 1402 1972; x_wconf 83' lang='lat' dir='ltr'>ip</span> <span class='ocrx_word' id='word_1_152' title='bbox 1434 1910 1471 1948; x_wconf 85' lang='lat' dir='ltr'>a</span> <span class='ocrx_word' id='word_1_153' title='bbox 1507 1887 1688 1948; x_wconf 82' lang='lat' dir='ltr'>curia</span> <span class='ocrx_word' id='word_1_154' title='bbox 1725 1885 2140 1973; x_wconf 82' lang='lat' dir='ltr'>discerpere·</span> <span class='ocrx_word' id='word_1_155' title='bbox 2162 1884 2339 1944; x_wconf 56' lang='lat' dir='ltr'>Sum</span> <span class='ocrx_word' id='word_1_156' title='bbox 2367 1872 2477 1927; x_wconf 59' lang='grc' dir='ltr'>ΡΙ·</span> 
     </span>
     <span class='ocr_line' id='line_1_21' title="bbox 140 1955 2305 2061; baseline 0.003 -34"><span class='ocrx_word' id='word_1_157' title='bbox 140 1980 266 2027; x_wconf 81' lang='lat' dir='ltr'>tur.</span> <span class='ocrx_word' id='word_1_158' title='bbox 355 1964 550 2061; x_wconf 79' lang='lat' dir='ltr'>Quod</span> <span class='ocrx_word' id='word_1_159' title='bbox 602 1964 718 2027; x_wconf 76' lang='lat' dir='ltr'>ubl</span> <span class='ocrx_word' id='word_1_160' title='bbox 770 1962 1065 2028; x_wconf 83' lang='lat' dir='ltr'>forensis</span> <span class='ocrx_word' id='word_1_161' title='bbox 1117 1967 1306 2030; x_wconf 81' lang='lat' dir='ltr'>turba</span> <span class='ocrx_word' id='word_1_162' title='bbox 1356 1969 1717 2054; x_wconf 84' lang='lat' dir='ltr'>comperit,</span> <span class='ocrx_word' id='word_1_163' title='bbox 1778 1970 2027 2054; x_wconf 87' lang='lat' dir='ltr'>impetu</span> <span class='ocrx_word' id='word_1_164' title='bbox 2074 1973 2149 2033; x_wconf 87' lang='lat' dir='ltr'>in</span> <span class='ocrx_word' id='word_1_165' title='bbox 2168 1955 2305 1997; x_wconf 61' lang='grc' dir='ltr'>Μ’·</span> 
     </span>
     <span class='ocr_line' id='line_1_22' title="bbox 137 2047 2146 2148; baseline 0.002 -39"><span class='ocrx_word' id='word_1_166' title='bbox 137 2063 432 2112; x_wconf 81' lang='lat' dir='ltr'>senatum</span> <span class='ocrx_word' id='word_1_167' title='bbox 460 2047 659 2120; x_wconf 84' lang='lat' dir='ltr'>facto,</span> <span class='ocrx_word' id='word_1_168' title='bbox 705 2048 949 2110; x_wconf 84' lang='lat' dir='ltr'>ceteris</span> <span class='ocrx_word' id='word_1_169' title='bbox 994 2050 1266 2112; x_wconf 84' lang='lat' dir='ltr'>salutem</span> <span class='ocrx_word' id='word_1_170' title='bbox 1307 2050 1461 2148; x_wconf 71' lang='lat' dir='ltr'>fuga</span> <span class='ocrx_word' id='word_1_171' title='bbox 1496 2052 1877 2125; x_wconf 67' lang='lat' dir='ltr'>tutantibus»,</span> <span class='ocrx_word' id='word_1_172' title='bbox 1929 2054 2002 2115; x_wconf 88' lang='lat' dir='ltr'>C.</span> <span class='ocrx_word' id='word_1_173' title='bbox 2030 2054 2146 2115; x_wconf 90' lang='lat' dir='ltr'>Pi-</span> 
     </span>
     <span class='ocr_line' id='line_1_23' title="bbox 139 2130 2145 2218; baseline 0.003 -25"><span class='ocrx_word' id='word_1_174' title='bbox 139 2135 368 2195; x_wconf 85' lang='lat' dir='ltr'>sonem</span> <span class='ocrx_word' id='word_1_175' title='bbox 415 2131 752 2192; x_wconf 86' lang='lat' dir='ltr'>consulem</span> <span class='ocrx_word' id='word_1_176' title='bbox 799 2130 1158 2214; x_wconf 85' lang='lat' dir='ltr'>corripuit,</span> <span class='ocrx_word' id='word_1_177' title='bbox 1213 2135 1347 2218; x_wconf 74' lang='lat' dir='ltr'>qui</span> <span class='ocrx_word' id='word_1_178' title='bbox 1386 2138 1563 2196; x_wconf 73' lang='lat' dir='ltr'>torte</span> <span class='ocrx_word' id='word_1_179' title='bbox 1607 2134 1674 2194; x_wconf 91' lang='lat' dir='ltr'>in</span> <span class='ocrx_word' id='word_1_180' title='bbox 1717 2136 2145 2199; x_wconf 83' lang='lat' dir='ltr'>altercatione</span> 
     </span>
     <span class='ocr_line' id='line_1_24' title="bbox 136 2212 2145 2300; baseline 0 -24"><span class='ocrx_word' id='word_1_181' title='bbox 136 2212 457 2298; x_wconf 79' lang='lat' dir='ltr'>Pompeio</span> <span class='ocrx_word' id='word_1_182' title='bbox 510 2212 799 2286; x_wconf 83' lang='lat' dir='ltr'><strong>dixerat,</strong></span> <span class='ocrx_word' id='word_1_183' title='bbox 858 2213 1082 2273; x_wconf 86' lang='lat' dir='ltr'><em>Romuli</em></span> <span class='ocrx_word' id='word_1_184' title='bbox 1121 2214 1438 2297; x_wconf 82' lang='lat' dir='ltr'><em>sequentem</em></span> <span class='ocrx_word' id='word_1_185' title='bbox 1478 2216 1698 2298; x_wconf 83' lang='lat' dir='ltr'>vestigia</span> <span class='ocrx_word' id='word_1_186' title='bbox 1739 2238 1844 2276; x_wconf 86' lang='lat' dir='ltr'>non</span> <span class='ocrx_word' id='word_1_187' title='bbox 1879 2215 2145 2300; x_wconf 77' lang='lat' dir='ltr'>effugitu-</span> 
     </span>
     <span class='ocr_line' id='line_1_25' title="bbox 137 2292 2145 2383; baseline 0.001 -26"><span class='ocrx_word' id='word_1_188' title='bbox 137 2318 262 2357; x_wconf 88' lang='lat' dir='ltr'>rum</span> <span class='ocrx_word' id='word_1_189' title='bbox 314 2296 470 2355; x_wconf 85' lang='lat' dir='ltr'>illius</span> <span class='ocrx_word' id='word_1_190' title='bbox 510 2298 729 2355; x_wconf 68' lang='lat' dir='ltr'>‘exitum</span> <span class='ocrx_word' id='word_1_191' title='bbox 780 2292 900 2375; x_wconf 75' lang='lat' dir='ltr'>effi.</span> <span class='ocrx_word' id='word_1_192' title='bbox 1009 2297 1260 2359; x_wconf 81' lang='lat' dir='ltr'>Territi</span> <span class='ocrx_word' id='word_1_193' title='bbox 1314 2299 1616 2383; x_wconf 79' lang='lat' dir='ltr'>periculo</span> <span class='ocrx_word' id='word_1_194' title='bbox 1657 2300 1930 2372; x_wconf 53' lang='lat' dir='ltr'>Patra,</span> <span class='ocrx_word' id='word_1_195' title='bbox 1997 2321 2145 2360; x_wconf 87' lang='lat' dir='ltr'>nam</span> 
     </span>
     <span class='ocr_line' id='line_1_26' title="bbox 137 2376 2191 2465; baseline 0.001 -24"><span class='ocrx_word' id='word_1_196' title='bbox 137 2379 478 2441; x_wconf 87' lang='lat' dir='ltr'>consulem</span> <span class='ocrx_word' id='word_1_197' title='bbox 505 2376 706 2439; x_wconf 83' lang='lat' dir='ltr'>exitio</span> <span class='ocrx_word' id='word_1_198' title='bbox 741 2377 1108 2461; x_wconf 83' lang='lat' dir='ltr'>proximum</span> <span class='ocrx_word' id='word_1_199' title='bbox 1128 2380 1248 2442; x_wconf 81' lang='lat' dir='ltr'>·vix</span> <span class='ocrx_word' id='word_1_200' title='bbox 1276 2401 1544 2445; x_wconf 83' lang='lat' dir='ltr'>servare</span> <span class='ocrx_word' id='word_1_201' title='bbox 1566 2380 1885 2446; x_wconf 87' lang='lat' dir='ltr'>Gabinius</span> <span class='ocrx_word' id='word_1_202' title='bbox 1907 2395 2144 2465; x_wconf 85' lang='lat' dir='ltr'>potue-</span> <span class='ocrx_word' id='word_1_203' title='bbox 2185 2387 2191 2396; x_wconf 81' lang='grc'><strong>”</strong></span> 
     </span>
     <span class='ocr_line' id='line_1_27' title="bbox 135 2460 2143 2561; baseline 0 -39"><span class='ocrx_word' id='word_1_204' title='bbox 135 2476 267 2534; x_wconf 86' lang='lat' dir='ltr'>rat,</span> <span class='ocrx_word' id='word_1_205' title='bbox 320 2461 699 2522; x_wconf 83' lang='lat' dir='ltr'>abstinuere</span> <span class='ocrx_word' id='word_1_206' title='bbox 742 2460 1312 2525; x_wconf 81' lang='lat' dir='ltr'>contentionibus:</span> <span class='ocrx_word' id='word_1_207' title='bbox 1374 2476 1909 2561; x_wconf 68' lang='lat' dir='ltr'>ceterum&#39;saepe</span> <span class='ocrx_word' id='word_1_208' title='bbox 1950 2485 2143 2525; x_wconf 85' lang='lat' dir='ltr'>usur-</span> 
     </span>
     <span class='ocr_line' id='line_1_28' title="bbox 133 2542 2143 2631; baseline 0.001 -27"><span class='ocrx_word' id='word_1_209' title='bbox 133 2558 287 2628; x_wconf 85' lang='lat' dir='ltr'>pato</span> <span class='ocrx_word' id='word_1_210' title='bbox 322 2542 621 2604; x_wconf 88' lang='lat' dir='ltr'>remedio</span> <span class='ocrx_word' id='word_1_211' title='bbox 660 2556 885 2603; x_wconf 82' lang='lat' dir='ltr'>contra</span> <span class='ocrx_word' id='word_1_212' title='bbox 913 2542 1044 2604; x_wconf 84' lang='lat' dir='ltr'>vim</span> <span class='ocrx_word' id='word_1_213' title='bbox 1071 2543 1477 2607; x_wconf 82' lang='lat' dir='ltr'>tribunitiam</span> <span class='ocrx_word' id='word_1_214' title='bbox 1510 2565 1590 2607; x_wconf 83' lang='lat' dir='ltr'>ex</span> <span class='ocrx_word' id='word_1_215' title='bbox 1618 2547 1902 2631; x_wconf 73' lang='lat' dir='ltr'>collegio</span> <span class='ocrx_word' id='word_1_216' title='bbox 1935 2548 2143 2608; x_wconf 83' lang='lat' dir='ltr'>inter-</span> 
     </span>
     <span class='ocr_line' id='line_1_29' title="bbox 137 2626 2139 2727; baseline 0.001 -40"><span class='ocrx_word' id='word_1_217' title='bbox 137 2626 424 2687; x_wconf 78' lang='lat' dir='ltr'>cess&#39;ores</span> <span class='ocrx_word' id='word_1_218' title='bbox 480 2636 841 2707; x_wconf 85' lang='lat' dir='ltr'>coeperunt</span> <span class='ocrx_word' id='word_1_219' title='bbox 892 2645 1238 2721; x_wconf 71' lang='lat' dir='ltr'>quaerere.</span> <span class='ocrx_word' id='word_1_220' title='bbox 1346 2630 1497 2690; x_wconf 88' lang='lat' dir='ltr'>Duo</span> <span class='ocrx_word' id='word_1_221' title='bbox 1553 2641 1800 2696; x_wconf 80' lang='lat' dir='ltr'>tantum</span> <span class='ocrx_word' id='word_1_222' title='bbox 1850 2628 2139 2727; x_wconf 71' lang='lat' dir='ltr'>reperti,</span> 
     </span>
     <span class='ocr_line' id='line_1_30' title="bbox 136 2705 2061 2787; baseline 0.002 -16"><span class='ocrx_word' id='word_1_223' title='bbox 136 2709 385 2771; x_wconf 82' lang='lat' dir='ltr'>ceteris</span> <span class='ocrx_word' id='word_1_224' title='bbox 421 2721 599 2770; x_wconf 84' lang='lat' dir='ltr'>metu</span> <span class='ocrx_word' id='word_1_225' title='bbox 638 2705 979 2770; x_wconf 69' lang='lat' dir='ltr'>deterritis</span> <span class='ocrx_word' id='word_1_226' title='bbox 1004 2750 1022 2782; x_wconf 89' lang='lat'><strong>,</strong></span> <span class='ocrx_word' id='word_1_227' title='bbox 1067 2709 1143 2769; x_wconf 89' lang='lat' dir='ltr'>L.</span> <span class='ocrx_word' id='word_1_228' title='bbox 1182 2710 1596 2787; x_wconf 75' lang='lat' dir='ltr'>Trebelliu5‚</span> <span class='ocrx_word' id='word_1_229' title='bbox 1644 2714 1715 2777; x_wconf 90' lang='lat' dir='ltr'>L.</span> <span class='ocrx_word' id='word_1_230' title='bbox 1753 2714 2061 2775; x_wconf 73' lang='lat' dir='ltr'>Roscius.</span> 
     </span>
    </p>
   </div>
   <div class='ocr_carea' id='block_1_7' title="bbox 127 2840 2488 3508">
    <p class='ocr_par' dir='ltr' id='par_1_8' title="bbox 253 2840 2485 2930">
     <span class='ocr_line' id='line_1_31' title="bbox 253 2840 2485 2930; baseline -0 -29"><span class='ocrx_word' id='word_1_231' title='bbox 253 2842 385 2926; x_wconf 79' lang='lat' dir='ltr'>XL</span> <span class='ocrx_word' id='word_1_232' title='bbox 428 2840 556 2903; x_wconf 91' lang='lat' dir='ltr'>Die</span> <span class='ocrx_word' id='word_1_233' title='bbox 594 2840 1009 2902; x_wconf 87' lang='lat' dir='ltr'>comitiorum</span> <span class='ocrx_word' id='word_1_234' title='bbox 1040 2842 1430 2927; x_wconf 56' lang='lat' dir='ltr'>Pompeius„</span> <span class='ocrx_word' id='word_1_235' title='bbox 1475 2843 1842 2930; x_wconf 77' lang='lat' dir='ltr'>imperandi</span> <span class='ocrx_word' id='word_1_236' title='bbox 1883 2843 2137 2929; x_wconf 80' lang='lat' dir='ltr'>cupidi·</span> <span class='ocrx_word' id='word_1_237' title='bbox 2196 2846 2485 2918; x_wconf 67' lang='lat' dir='ltr'>Pompeius</span> 
     </span>
    </p>

    <p class='ocr_par' dir='ltr' id='par_1_9' title="bbox 127 2918 2488 3508">
     <span class='ocr_line' id='line_1_32' title="bbox 135 2918 2488 3013; baseline 0.001 -29"><span class='ocrx_word' id='word_1_238' title='bbox 135 2937 332 2987; x_wconf 88' lang='lat' dir='ltr'>tatem</span> <span class='ocrx_word' id='word_1_239' title='bbox 375 2920 527 2999; x_wconf 83' lang='lat' dir='ltr'>ficta</span> <span class='ocrx_word' id='word_1_240' title='bbox 561 2920 867 2986; x_wconf 81' lang='lat' dir='ltr'>modestia</span> <span class='ocrx_word' id='word_1_241' title='bbox 908 2935 1142 3008; x_wconf 80' lang='lat' dir='ltr'>tegens</span> <span class='ocrx_word' id='word_1_242' title='bbox 1168 2970 1185 2997; x_wconf 91' lang='lat'>,</span> <span class='ocrx_word' id='word_1_243' title='bbox 1231 2948 1431 3010; x_wconf 88' lang='lat' dir='ltr'>quum</span> <span class='ocrx_word' id='word_1_244' title='bbox 1473 2950 1509 2990; x_wconf 89' lang='lat' dir='ltr'>a</span> <span class='ocrx_word' id='word_1_245' title='bbox 1556 2929 1827 3013; x_wconf 86' lang='lat' dir='ltr'>petitam</span> <span class='ocrx_word' id='word_1_246' title='bbox 1911 2918 2288 3000; x_wconf 57' lang='lat' dir='ltr'>mesta-fieta</span> <span class='ocrx_word' id='word_1_247' title='bbox 2317 2918 2488 2972; x_wconf 66' lang='lat'>‘⁸⁶⁶⁸‘-</span> 
     </span>
     <span class='ocr_line' id='line_1_33' title="bbox 135 2952 2272 3094; baseline 0.003 -27"><span class='ocrx_word' id='word_1_248' title='bbox 135 3019 270 3068; x_wconf 89' lang='lat' dir='ltr'>tem</span> <span class='ocrx_word' id='word_1_249' title='bbox 305 3004 699 3067; x_wconf 88' lang='lat' dir='ltr'>invidiosam</span> <span class='ocrx_word' id='word_1_250' title='bbox 737 3005 921 3080; x_wconf 84' lang='lat' dir='ltr'>fore,</span> <span class='ocrx_word' id='word_1_251' title='bbox 966 3020 1289 3093; x_wconf 85' lang='lat' dir='ltr'>tamquam</span> <span class='ocrx_word' id='word_1_252' title='bbox 1321 2952 1646 3074; x_wconf 53' lang='lat' dir='ltr'>recusi&#39;nti</span> <span class='ocrx_word' id='word_1_253' title='bbox 1680 3001 1832 3094; x_wconf 82' lang='lat' dir='ltr'>inge</span> <span class='ocrx_word' id='word_1_254' title='bbox 1886 3031 1986 3071; x_wconf 88' lang='lat' dir='ltr'>am</span> <span class='ocrx_word' id='word_1_255' title='bbox 2019 3010 2141 3072; x_wconf 85' lang='lat' dir='ltr'>ho·</span> <span class='ocrx_word' id='word_1_256' title='bbox 2156 2989 2272 3053; x_wconf 46' lang='grc' dir='ltr'>μ’,</span> 
     </span>
     <span class='ocr_line' id='line_1_34' title="bbox 136 3087 2141 3170; baseline 0.002 -20"><span class='ocrx_word' id='word_1_257' title='bbox 136 3087 547 3151; x_wconf 83' lang='lat' dir='ltr'>nestissimam</span> <span class='ocrx_word' id='word_1_258' title='bbox 587 3104 935 3165; x_wconf 82' lang='lat' dir='ltr'>cerneret,</span> <span class='ocrx_word' id='word_1_259' title='bbox 990 3087 1363 3170; x_wconf 82' lang='lat' dir='ltr'>hujusmodi</span> <span class='ocrx_word' id='word_1_260' title='bbox 1400 3093 1767 3156; x_wconf 84' lang='lat' dir='ltr'>orationem</span> <span class='ocrx_word' id='word_1_261' title='bbox 1803 3113 1994 3156; x_wconf 83' lang='lat' dir='ltr'>orsus</span> <span class='ocrx_word' id='word_1_262' title='bbox 2028 3092 2141 3155; x_wconf 77' lang='lat' dir='ltr'>est.</span> 
     </span>
     <span class='ocr_line' id='line_1_35' title="bbox 146 3161 2146 3260; baseline 0.002 -28"><span class='ocrx_word' id='word_1_263' title='bbox 146 3172 383 3233; x_wconf 79' lang='lat' dir='ltr'>Gratias</span> <span class='ocrx_word' id='word_1_264' title='bbox 421 3172 665 3252; x_wconf 86' lang='lat' dir='ltr'>equidem</span> <span class='ocrx_word' id='word_1_265' title='bbox 705 3188 810 3253; x_wconf 90' lang='lat' dir='ltr'>pro</span> <span class='ocrx_word' id='word_1_266' title='bbox 848 3161 1218 3234; x_wconf 65' lang='lat' dir='ltr'>benevolentia</span> <span class='ocrx_word' id='word_1_267' title='bbox 1256 3175 1436 3254; x_wconf 76' lang='lat' dir='ltr'>vestra</span> <span class='ocrx_word' id='word_1_268' title='bbox 1469 3176 1620 3238; x_wconf 85' lang='lat' dir='ltr'>vobis</span> <span class='ocrx_word' id='word_1_269' title='bbox 1654 3197 1753 3260; x_wconf 83' lang='lat' dir='ltr'>ago</span> <span class='ocrx_word' id='word_1_270' title='bbox 1773 3221 1791 3251; x_wconf 89' lang='lat'>‚</span> <span class='ocrx_word' id='word_1_271' title='bbox 1826 3175 2146 3259; x_wconf 72' lang='lat' dir='ltr'><em>semperque</em></span> 
     </span>
     <span class='ocr_line' id='line_1_36' title="bbox 137 3253 2143 3342; baseline 0.002 -29"><span class='ocrx_word' id='word_1_272' title='bbox 137 3274 172 3313; x_wconf 91' lang='lat' dir='ltr'>a</span> <span class='ocrx_word' id='word_1_273' title='bbox 206 3275 329 3328; x_wconf 89' lang='lat' dir='ltr'>am,</span> <span class='ocrx_word' id='word_1_274' title='bbox 391 3253 652 3338; x_wconf 78' lang='lat' dir='ltr'>Qirites</span> <span class='ocrx_word' id='word_1_275' title='bbox 672 3295 691 3326; x_wconf 85' lang='lat'>‚</span> <span class='ocrx_word' id='word_1_276' title='bbox 755 3274 987 3335; x_wconf 83' lang='lat' dir='ltr'>quorum</span> <span class='ocrx_word' id='word_1_277' title='bbox 1040 3257 1100 3315; x_wconf 82' lang='lat' dir='ltr'>in</span> <span class='ocrx_word' id='word_1_278' title='bbox 1145 3277 1228 3316; x_wconf 88' lang='lat' dir='ltr'>me</span> <span class='ocrx_word' id='word_1_279' title='bbox 1242 3262 1254 3316; x_wconf 83' lang='grc'>,“</span> <span class='ocrx_word' id='word_1_280' title='bbox 1274 3259 1523 3320; x_wconf 83' lang='lat' dir='ltr'>ornando</span> <span class='ocrx_word' id='word_1_281' title='bbox 1568 3277 1672 3340; x_wconf 91' lang='lat' dir='ltr'>per</span> <span class='ocrx_word' id='word_1_282' title='bbox 1710 3279 1833 3320; x_wconf 80' lang='lat' dir='ltr'>etuo</span> <span class='ocrx_word' id='word_1_283' title='bbox 1878 3254 2143 3342; x_wconf 68' lang='lat' dir='ltr'>indefeſje&#39;z</span> 
     </span>
     <span class='ocr_line' id='line_1_37' title="bbox 127 3277 2140 3421; baseline 0.001 -24"><span class='ocrx_word' id='word_1_284' title='bbox 127 3277 593 3420; x_wconf 46' lang='lat' dir='ltr'>fidia-fuerunt.</span> <span class='ocrx_word' id='word_1_285' title='bbox 643 3337 901 3398; x_wconf 87' lang='lat' dir='ltr'>Ceterum</span> <span class='ocrx_word' id='word_1_286' title='bbox 938 3357 992 3397; x_wconf 81' lang='lat' dir='ltr'>et</span> <span class='ocrx_word' id='word_1_287' title='bbox 1029 3336 1177 3399; x_wconf 85' lang='lat' dir='ltr'>vobis</span> <span class='ocrx_word' id='word_1_288' title='bbox 1210 3343 1271 3400; x_wconf 84' lang='lat' dir='ltr'>in</span> <span class='ocrx_word' id='word_1_289' title='bbox 1309 3340 1621 3402; x_wconf 83' lang='lat' dir='ltr'>tribuendis</span> <span class='ocrx_word' id='word_1_290' title='bbox 1691 3338 1945 3405; x_wconf 73' lang='lat' dir='ltr'>onor-ibus</span> <span class='ocrx_word' id='word_1_291' title='bbox 1970 3344 2140 3421; x_wconf 87' lang='lat' dir='ltr'>impe-</span> 
     </span>
     <span class='ocr_line' id='line_1_38' title="bbox 141 3418 1914 3508; baseline 0.003 -29"><span class='ocrx_word' id='word_1_292' title='bbox 141 3422 346 3499; x_wconf 85' lang='lat' dir='ltr'>riisque</span> <span class='ocrx_word' id='word_1_293' title='bbox 365 3460 387 3493; x_wconf 87' lang='lat'>,</span> <span class='ocrx_word' id='word_1_294' title='bbox 428 3439 482 3479; x_wconf 80' lang='lat' dir='ltr'>ec</span> <span class='ocrx_word' id='word_1_295' title='bbox 516 3418 648 3479; x_wconf 87' lang='lat' dir='ltr'>mihi</span> <span class='ocrx_word' id='word_1_296' title='bbox 682 3422 742 3480; x_wconf 88' lang='lat' dir='ltr'>in</span> <span class='ocrx_word' id='word_1_297' title='bbox 778 3421 1105 3502; x_wconf 77' lang='lat' dir='ltr'>accipiendis</span> <span class='ocrx_word' id='word_1_298' title='bbox 1138 3423 1330 3484; x_wconf 88' lang='lat' dir='ltr'>modus</span> <span class='ocrx_word' id='word_1_299' title='bbox 1363 3421 1565 3508; x_wconf 81' lang='lat' dir='ltr'>aliquis</span> <span class='ocrx_word' id='word_1_300' title='bbox 1599 3421 1700 3508; x_wconf 74' lang='lat' dir='ltr'>effe</span> <span class='ocrx_word' id='word_1_301' title='bbox 1737 3421 1914 3485; x_wconf 79' lang='lat' dir='ltr'>debet.</span> 
     </span>
    </p>
   </div>
   <div class='ocr_carea' id='block_1_8' title="bbox 141 3549 2524 3973">
    <p class='ocr_par' dir='ltr' id='par_1_10' title="bbox 141 3549 2524 3973">
     <span class='ocr_line' id='line_1_39' title="bbox 261 3549 2524 3639; baseline -0.002 -28"><span class='ocrx_word' id='word_1_302' title='bbox 261 3550 410 3611; x_wconf 86' lang='lat' dir='ltr'><strong>XII.</strong></span> <span class='ocrx_word' id='word_1_303' title='bbox 469 3549 634 3635; x_wconf 77' lang='lat' dir='ltr'>Qae</span> <span class='ocrx_word' id='word_1_304' title='bbox 673 3551 867 3634; x_wconf 87' lang='lat' dir='ltr'>populi</span> <span class='ocrx_word' id='word_1_305' title='bbox 913 3553 1146 3615; x_wconf 85' lang='lat' dir='ltr'>Romani</span> <span class='ocrx_word' id='word_1_306' title='bbox 1189 3561 1467 3639; x_wconf 86' lang='lat' dir='ltr'>principes</span> <span class='ocrx_word' id='word_1_307' title='bbox 1515 3561 1662 3619; x_wconf 82' lang='lat' dir='ltr'>omni</span> <span class='ocrx_word' id='word_1_308' title='bbox 1707 3577 1838 3620; x_wconf 87' lang='lat' dir='ltr'>aevo</span> <span class='ocrx_word' id='word_1_309' title='bbox 1890 3560 1994 3618; x_wconf 79' lang='lat' dir='ltr'>vix</span> <span class='ocrx_word' id='word_1_310' title='bbox 2025 3554 2146 3638; x_wconf 72' lang='lat' dir='ltr'>poll</span> <span class='ocrx_word' id='word_1_311' title='bbox 2182 3553 2524 3613; x_wconf 69' lang='lat' dir='ltr'>Provinciam</span> 
     </span>
     <span class='ocr_line' id='line_1_40' title="bbox 142 3623 2501 3721; baseline 0 -27"><span class='ocrx_word' id='word_1_312' title='bbox 142 3632 357 3716; x_wconf 84' lang='lat' dir='ltr'>longam</span> <span class='ocrx_word' id='word_1_313' title='bbox 393 3653 624 3694; x_wconf 83' lang='lat' dir='ltr'>aetatem</span> <span class='ocrx_word' id='word_1_314' title='bbox 658 3634 973 3718; x_wconf 73' lang='lat' dir='ltr'>consequuti</span> <span class='ocrx_word' id='word_1_315' title='bbox 1028 3657 1132 3698; x_wconf 83' lang='lat' dir='ltr'>unt</span> <span class='ocrx_word' id='word_1_316' title='bbox 1150 3682 1169 3714; x_wconf 89' lang='lat'>,</span> <span class='ocrx_word' id='word_1_317' title='bbox 1214 3660 1276 3699; x_wconf 92' lang='lat' dir='ltr'>ea</span> <span class='ocrx_word' id='word_1_318' title='bbox 1311 3645 1373 3700; x_wconf 84' lang='lat' dir='ltr'>in</span> <span class='ocrx_word' id='word_1_319' title='bbox 1406 3659 1489 3699; x_wconf 82' lang='lat' dir='ltr'>me</span> <span class='ocrx_word' id='word_1_320' title='bbox 1524 3657 1697 3721; x_wconf 85' lang='lat' dir='ltr'>prope</span> <span class='ocrx_word' id='word_1_321' title='bbox 1727 3658 1976 3721; x_wconf 86' lang='lat' dir='ltr'>puerum,</span> <span class='ocrx_word' id='word_1_322' title='bbox 2017 3657 2142 3699; x_wconf 86' lang='lat' dir='ltr'>cer·</span> <span class='ocrx_word' id='word_1_323' title='bbox 2165 3641 2283 3678; x_wconf 61' lang='grc' dir='ltr'>Μ*</span> <span class='ocrx_word' id='word_1_324' title='bbox 2312 3623 2501 3695; x_wconf 54' lang='lat'>“1²&#39;‘-</span> 
     </span>
     <span class='ocr_line' id='line_1_41' title="bbox 144 3706 2353 3806; baseline -0.01 -7"><span class='ocrx_word' id='word_1_325' title='bbox 144 3735 198 3776; x_wconf 63' lang='lat'>&#39;0</span> <span class='ocrx_word' id='word_1_326' title='bbox 247 3713 637 3798; x_wconf 66' lang='lat' dir='ltr'>⁰d⁰l²fi⁶⁷¹²0m</span> <span class='ocrx_word' id='word_1_327' title='bbox 654 3761 672 3792; x_wconf 62' lang='grc' dir='ltr'><strong><em>ν</em></strong></span> <span class='ocrx_word' id='word_1_328' title='bbox 739 3716 965 3802; x_wconf 73' lang='lat' dir='ltr'>congeffi</span> <span class='ocrx_word' id='word_1_329' title='bbox 1021 3724 1083 3781; x_wconf 69' lang='grc' dir='ltr'>Ἰ.</span> <span class='ocrx_word' id='word_1_330' title='bbox 1179 3720 1406 3806; x_wconf 61' lang='lat' dir='ltr'>Quibus</span> <span class='ocrx_word' id='word_1_331' title='bbox 1459 3727 1620 3801; x_wconf 68' lang='lat' dir='ltr'>annis</span> <span class='ocrx_word' id='word_1_332' title='bbox 1677 3726 1994 3785; x_wconf 79' lang='lat' dir='ltr'>tirocinium</span> <span class='ocrx_word' id='word_1_333' title='bbox 2043 3743 2073 3782; x_wconf 92' lang='lat' dir='ltr'>e</span> <span class='ocrx_word' id='word_1_334' title='bbox 2117 3743 2147 3782; x_wconf 86' lang='lat' dir='ltr'>e</span> <span class='ocrx_word' id='word_1_335' title='bbox 2169 3706 2353 3750; x_wconf 57' lang='lat' dir='ltr'>“w&#39;&#39;</span> 
     </span>
     <span class='ocr_line' id='line_1_42' title="bbox 141 3796 2149 3890; baseline 0.003 -33"><span class='ocrx_word' id='word_1_336' title='bbox 141 3796 378 3858; x_wconf 84' lang='lat' dir='ltr'>aliorum</span> <span class='ocrx_word' id='word_1_337' title='bbox 404 3797 551 3880; x_wconf 78' lang='lat' dir='ltr'>solet</span> <span class='ocrx_word' id='word_1_338' title='bbox 566 3842 585 3873; x_wconf 90' lang='lat'>,</span> <span class='ocrx_word' id='word_1_339' title='bbox 630 3816 1014 3882; x_wconf 73' lang='lat' dir='ltr'>imperatorem</span> <span class='ocrx_word' id='word_1_340' title='bbox 1051 3822 1215 3885; x_wconf 84' lang='lat' dir='ltr'>agere</span> <span class='ocrx_word' id='word_1_341' title='bbox 1248 3824 1462 3866; x_wconf 87' lang='lat' dir='ltr'>coactus</span> <span class='ocrx_word' id='word_1_342' title='bbox 1481 3848 1500 3878; x_wconf 91' lang='lat'><strong>‚</strong></span> <span class='ocrx_word' id='word_1_343' title='bbox 1541 3809 1643 3865; x_wconf 80' lang='lat' dir='ltr'>vix</span> <span class='ocrx_word' id='word_1_344' title='bbox 1683 3824 1935 3890; x_wconf 84' lang='lat' dir='ltr'>umquam</span> <span class='ocrx_word' id='word_1_345' title='bbox 2008 3805 2058 3864; x_wconf 90' lang='lat' dir='ltr'>o</span> <span class='ocrx_word' id='word_1_346' title='bbox 2085 3822 2149 3864; x_wconf 87' lang='lat' dir='ltr'>ea</span> 
     </span>
     <span class='ocr_line' id='line_1_43' title="bbox 144 3883 2152 3973; baseline 0.003 -32"><span class='ocrx_word' id='word_1_347' title='bbox 144 3883 473 3960; x_wconf 75' lang='lat' dir='ltr'>interquievi</span> <span class='ocrx_word' id='word_1_348' title='bbox 489 3926 510 3959; x_wconf 86' lang='lat'>,</span> <span class='ocrx_word' id='word_1_349' title='bbox 568 3902 738 3962; x_wconf 83' lang='lat' dir='ltr'>qaum</span> <span class='ocrx_word' id='word_1_350' title='bbox 784 3902 991 3945; x_wconf 78' lang='lat' dir='ltr'>ceteras</span> <span class='ocrx_word' id='word_1_351' title='bbox 1040 3889 1326 3947; x_wconf 83' lang='lat' dir='ltr'>continuas</span> <span class='ocrx_word' id='word_1_352' title='bbox 1367 3887 1734 3971; x_wconf 84' lang='lat' dir='ltr'>expeditiones</span> <span class='ocrx_word' id='word_1_353' title='bbox 1769 3890 1940 3973; x_wconf 83' lang='lat' dir='ltr'>gravi</span> <span class='ocrx_word' id='word_1_354' title='bbox 1978 3905 2152 3947; x_wconf 74' lang='lat' dir='ltr'>imum</span> 
     </span>
    </p>
   </div>
   <div class='ocr_carea' id='block_1_9' title="bbox 147 4066 2152 4226">
    <p class='ocr_par' dir='ltr' id='par_1_11' title="bbox 147 4066 2152 4226">
     <span class='ocr_line' id='line_1_44' title="bbox 208 4066 2152 4150; baseline 0.002 -25"><span class='ocrx_word' id='word_1_355' title='bbox 208 4066 291 4125; x_wconf 75' lang='lat' dir='ltr'>Ca</span> <span class='ocrx_word' id='word_1_356' title='bbox 341 4106 357 4121; x_wconf 90' lang='lat'><strong>.</strong></span> <span class='ocrx_word' id='word_1_357' title='bbox 389 4069 489 4123; x_wconf 85' lang='lat' dir='ltr'>lx.</span> <span class='ocrx_word' id='word_1_358' title='bbox 529 4068 687 4126; x_wconf 82' lang='lat' dir='ltr'>Vell.</span> <span class='ocrx_word' id='word_1_359' title='bbox 721 4091 787 4138; x_wconf 83' lang='lat'>2,</span> <span class='ocrx_word' id='word_1_360' title='bbox 819 4072 911 4126; x_wconf 81' lang='lat'>31.</span> <span class='ocrx_word' id='word_1_361' title='bbox 967 4072 1108 4130; x_wconf 82' lang='lat' dir='ltr'>Dio.</span> <span class='ocrx_word' id='word_1_362' title='bbox 1158 4073 1317 4131; x_wconf 82' lang='lat' dir='ltr'>Plut.</span> <span class='ocrx_word' id='word_1_363' title='bbox 1367 4075 1650 4131; x_wconf 78' lang='lat' dir='ltr'>Zonaras·</span> <span class='ocrx_word' id='word_1_364' title='bbox 1698 4072 1856 4133; x_wconf 85' lang='lat' dir='ltr'>Vell.</span> <span class='ocrx_word' id='word_1_365' title='bbox 1892 4071 2152 4150; x_wconf 58' lang='lat' dir='ltr'>Appian-</span> 
     </span>
     <span class='ocr_line' id='line_1_45' title="bbox 147 4132 936 4226; baseline 0.011 -39"><span class='ocrx_word' id='word_1_366' title='bbox 147 4132 319 4226; x_wconf 56' lang='lat' dir='ltr'>cap&#39;.</span> <span class='ocrx_word' id='word_1_367' title='bbox 368 4173 383 4191; x_wconf 88' lang='lat'><strong>.</strong></span> <span class='ocrx_word' id='word_1_368' title='bbox 421 4137 563 4192; x_wconf 86' lang='lat' dir='ltr'>Dio.</span> <span class='ocrx_word' id='word_1_369' title='bbox 599 4138 757 4196; x_wconf 87' lang='lat' dir='ltr'>Plut.</span> <span class='ocrx_word' id='word_1_370' title='bbox 794 4140 936 4196; x_wconf 85' lang='lat' dir='ltr'>Dio.</span> 
     </span>
    </p>
   </div>
  </div>
 </body>
</html>
