2717 4667
563 204 688 274 414
760 189 1163 290 passmsn.
1197 185 2031 276 SUPPLEMENToacht
2055 190 2206 254 Lm.
2239 189 2480 255 Lxm.

261 404 543 531 Πωοεθὲξ.
565 401 776 476 lereti,
818 422 943 462 una
973 412 1216 462 tantum
1251 395 1419 459 ferri
1455 385 1767 481 particula
1810 411 2235 483 sequeretur3
2309 399 2557 478 altera,

255 475 306 529 Α
362 475 408 531 C
527 483 743 568 ·quod
764 481 1092 625 (Prehendi
1131 479 1601 562 trahiquenon
1636 481 1879 565 posset,
1952 501 2139 543 caeca
2179 480 2373 567 peste
2403 503 2565 546 ¹cor·

221 590 225 595 ·
518 649 523 652 -
569 586 692 650 pus
726 587 761 627 a
832 582 1194 648 perniciem
1222 573 1468 622 ureret.

242 695 548 769 mun-„250
696 633 892 731 LXX.
937 672 1161 752 Neque
1182 666 1496 752 poenitet,
1542 687 1670 751 quo
1706 666 1943 729 clarius
1978 667 2395 752 intelligatur
2423 657 2565 748 ejus

196 768 545 834 saginarum,
573 753 823 835 ingenii
866 752 1070 821 ratio,
1130 769 1268 811 rem
1318 767 1401 808 ex
1447 747 1562 808 usu
1598 763 1945 822 remotam,
2010 765 2362 833 praeterea
2408 771 2562 834 per·

202 834 412 886 aculeos
457 834 519 885 in
574 854 759 918 quam
795 834 1070 895 obscure
1104 831 1422 901 traditam,
1466 830 1757 913 pluribus
1796 830 2017 893 verbis
2055 845 2121 894 et
2151 832 2560 894 manifestio-

198 917 447 983 corpore·
466 917 548 953 ’θ’
574 916 754 977 ribus
785 905 1169 998 exposuiss'e!
1249 907 1614 974 Praefixum
1640 912 1939 974 arundini
1964 913 2212 975 ferrum
2242 934 2393 976 non
2422 928 2584 982 erat,

197 971 549 1039 ‘inffmmum'
576 996 892 1074 solidum,
951 994 1068 1057 sed
1117 992 1361 1055 duabus
1409 1011 1489 1053 ex
1534 995 1786 1066 laminis
1835 995 1924 1056 ita
1958 997 2446 1079 compositum,
2489 1007 2558 1059 ut

567 1080 766 1140 altera
799 1076 1056 1140 fibulam
1082 1076 1351 1137 haberet
1374 1116 1389 1147 ,
1436 1095 1560 1157 qua
1597 1068 1775 1173 ligno
1811 1076 2297 1152 aduecta-etur,
2348 1080 2557 1139 altera

547 1160 719 1224 'huic
753 1160 849 1222 sic
875 1159 1274 1241 jungeretur,
1318 1170 1387 1217 ut
1421 1167 1630 1219 co’iret
1663 1180 1733 1218 m
1763 1160 1953 1220 unius
1986 1158 2193 1221 aculei
2226 1160 2552 1243 speciem,

568 1256 856 1304 ceterum
893 1241 1129 1315 leviter
1162 1252 1405 1301 tantum
1445 1239 1599 1308 esset
1637 1241 1927 1323 alligata,
1972 1260 2100 1336 quo
2144 1242 2366 1304 emitti
2412 1242 2558 1325 qui-

508 1379 514 1396 ,
569 1321 714 1384 dem
753 1342 905 1384 arcu
989 1322 1182 1395 osset,
1244 1332 1310 1382 et
1347 1320 1534 1381 simul
1571 1336 1948 1404 penetraret
1982 1344 2061 1385 tn.
2085 1323 2375 1400 vulnus;
2440 1322 2554 1385 sed

565 1418 768 1466 tracta
806 1407 930 1467 evu
957 1405 1145 1487 saque
1185 1400 1434 1488 sagitta,
1475 1402 1747 1466 hamulis
1785 1404 1926 1466 suis
1950 1417 2203 1467 retenta
2238 1401 2448 1468 facile
2484 1426 2554 1470 se

572 1481 834 1551 &iaculo
882 1485 1211 1547 educeret.

264 1610 536 1669 Lucanus
691 1594 919 1656 LXXI.
974 1593 1279 1655 Ceterum
1320 1593 1469 1661 illae
1490 1634 1509 1666 ,
1597 1610 1929 1676 uamquam
1963 1589 2296 1667 modicae,
2341 1589 2550 1658 victo·

229 1684 516 1737 Artaxata
571 1674 709 1736 riae
744 1673 1205 1737 submovebant
1230 1690 1445 1737 tamen
1476 1675 1562 1738 ho
1616 1695 1738 1748 em,
1784 1674 2093 1760 vicosque
2121 1674 2409 1746 liberius
2437 1693 2551 1758 po-

212 1751 384 1822 rtm-
569 1755 839 1838 pulandi
875 1756 1124 1839 copiam
1160 1758 1433 1819 Lucullo
1477 1756 1818 1819 faciebant.
1884 1771 2074 1839 atque
2124 1756 2277 1831 ille,
2343 1755 2546 1817 inter-

554 1851 801 1920 cepto,
860 1839 971 1920 qui
1022 1838 1290 1919 regibus
1344 1839 1836 1922 apportabatur,
1897 1853 2291 1911 commeatu,
2363 1858 2549 1921 quam

568 1919 872 1981 timuerat
908 1919 1227 2003 inopiam,
1280 1922 1348 1981 in
1392 1941 1530 1981 eam
1569 1918 1779 1983 hostes
1816 1920 2095 2002 redegit.
2193 1922 2425 2003 Reges
2456 1933 2546 1979 ta·

568 2018 719 2060 men
773 2001 946 2061 nulla
999 2020 1074 2060 re
1132 2000 1218 2061 ad1
1265 2001 1633 2072 universum
1686 2015 2010 2063 certamen
2075 2000 2542 2073 eliciebantur,

617 2101 766 2140 uum
799 2082 961 2143 nihil
996 2081 1377 2146 intentatum
1406 2084 1715 2153 Lucullus
1753 2083 2151 2166 reliquiss'et3
2210 2084 2410 2145 etiam
2448 2102 2552 2170 ca3

566 2100 689 2225 ara
723 2162 1204 2227 circumvallare
1240 2166 1442 2226 orsus·
1526 2164 1752 2247 Igitur,
1797 2184 2043 2224 annona
2078 2165 2199 2244 jam
2235 2162 2540 2227 deficien-

567 2258 672 2317 te,
713 2265 907 2327 quum
942 2242 1277 2329 praeterea
1312 2246 1554 2309 milites
1575 2288 1591 2319 ‚
1646 2246 1757 2331 qui
1790 2245 1963 2307 inter
1994 2246 2160 2307 levia
2195 2247 2539 2310 certamina

571 2324 822 2409 sagittis
860 2329 1393 2403 vulnerabantur,
1454 2342 1557 2389 aut
1600 2329 1773 2389 inter
1818 2326 2166 2389 curandum
2203 2348 2538 2391 moreren-

570 2419 714 2479 tur,
776 2422 882 2471 aut
927 2410 1380 2473 mutilarentur
1425 2410 1770 2487 membris3
1834 2409 2133 2471 Artaxata
2172 2412 2403 2475 versus
2448 2409 2538 2468 in-

573 2487 773 2550 stituit
809 2490 970 2565 iter,
1004 2491 1127 2556 ‘uhi
1167 2493 1350 2577 regia
1385 2492 1724 2577 Tigranis,
1769 2497 1838 2554 ‘et
1871 2511 2016 2553 cum
2051 2495 2272 2576 parvis
2310 2490 2536 2555 liberis

550 2589 811 2651 ,uxores
862 2585 1064 2636 erant.
2187 2619 2192 2626 ,

291 2692 551 2752 pneuum
693 2678 944 2745 LXXII.
1001 2678 1242 2763 Igitur,
1294 2676 1471 2765 quod
1519 2676 1878 2764 quaesitum
1927 2702 1963 2742 a
1997 2676 2274 2742 Lucullo
2307 2677 2536 2747 fuerat,

219 2769 503 2821 committit
577 2756 892 2841 Tigranes
934 2761 1186 2824 obviam
1218 2764 1627 2846 progressuS,
1686 2777 1915 2846 quarto
1953 2761 2061 2825 die
2095 2760 2173 2822 ad
2202 2758 2536 2822 Arsaniam

220 2852 335 2888 Μ’·
366 2835 548 2906 Tigra.
573 2836 840 2902 fluvium
893 2841 1165 2906 ostendit
1212 2864 1285 2906 se
1331 2844 1680 2919 Romanis,
1750 2844 1864 2928 qui
1915 2842 2345 2908 transeundus
2402 2849 2537 2902 erat

221 2922 307 2980 '⁸9’
571 2922 877 2985 Artaxata
925 2925 1322 3007 petentibus.
1423 2926 1638 3023 Quum
1679 2922 2015 3009 ‘proelium
2060 2922 2354 2995 instaret,
2413 2923 2535 2981 Lu-

573 3003 814 3078 cullus,
880 3008 1145 3088 egregie
1189 3009 1411 3081 litato,
1473 3023 1788 3093 tamquam
1833 3022 2051 3075 certus
2100 3007 2181 3068 de
2227 3001 2531 3069 victoria,

572 3082 914 3149 duodecim
951 3087 1254 3151 cohortes
1293 3089 1360 3149 in
1398 3091 1617 3152 fronte
1654 3088 1889 3151 statuit:
1931 3090 2247 3173 reliquos,
2292 3105 2375 3147 ne
2410 3082 2532 3144 cir-

572 3169 1051 3232 cumveniretur
1085 3177 1120 3232 a'
1152 3169 1885 3250 multitudine‘hostium‚
1926 3169 2269 3233 collocavit
2291 3168 2360 3228 in
2390 3162 2531 3226 sub·

574 3247 785 3311 sidiis.
883 3256 1041 3314 Nam
1075 3255 1342 3314 multum
1379 3254 1743 3338 lectumque
1785 3253 2139 3336 equitatum
2178 3251 2243 3311 in
2278 3241 2532 3310 adversa

572 3331 710 3398 acie
754 3333 1222 3418 conspiciebat:
1288 3335 1603 3419 sagittarii
1646 3347 1828 3397 erant
1871 3334 2124 3417 equites
2168 3330 2410 3399 Mardi,
2467 3336 2528 3386 et

496 3445 501 3450 ·
567 3410 789 3476 hastati
820 3414 1014 3491 Iberi,
1060 3415 1241 3496 cujus
1272 3418 1536 3500 generis
1568 3417 1824 3479 auxiliis
1851 3417 2167 3498 Tigranes
2194 3411 2527 3496 plurimum

570 3493 954 3560 confidebat.
1054 3499 1308 3561 Nullam
1361 3512 1575 3560 tamen
1638 3497 1966 3582 insignem
2022 3496 2364 3557 ediderunt
2416 3509 2524 3583 pu·

502 3591 525 3606 “
569 3598 794 3662 gnamz
841 3578 991 3653 sed,
1033 3600 1177 3642 cum
1216 3581 1503 3664 equitatu
1535 3584 1825 3642 Romano
1860 3578 2209 3663 paullisper
2247 3574 2519 3663 velitati,

417 3668 420 3676 ’
482 3660 495 3672 ’
572 3661 765 3722 simul
804 3660 1153 3726 succedere
1188 3661 1478 3744 peditem
1516 3663 1857 3734 viderunt,
1901 3661 1971 3721 in
2005 3659 2220 3745 fugam
2259 3654 2525 3737 diffipau

572 3756 741 3804 sunt.
1120 3776 1128 3782 ·
2166 3774 2170 3779 ·

249 3858 324 3913 Et
341 3860 548 3932 egregie
687 3849 970 3911 LXXIII.
1014 3845 1447 3913 ostenderunt
1482 3871 1554 3914 se
1591 3847 1829 3913 deinde
1855 3847 2181 3921 Armenii,
2229 3841 2518 3931 proprius

211 3930 402 4014 vincit.
494 4017 507 4026 ἢ
562 3928 874 4014 Tigranis
907 3931 1130 4006 miles,
1175 3933 1440 4017 egregia
1479 3934 1701 4018 specie
1739 3949 2063 3995 armorum
2091 3931 2510 4009 virorumque·

638 4088 788 4161 Cap.
819 4090 1015 4148 LXXI.
1048 4090 1202 4147 Plut.
1241 4081 1570 4162 Dio.fP1ut.
