2717 4667
578 258 669 322 IN
708 255 1005 322 LOCUM
1044 256 1208 318 Lm.
1254 253 1476 323 XCVI.
1516 257 1738 328 mvn.
1764 277 1781 333 ᾗ
1815 288 1823 293 ·
2023 256 2147 331 355

273 461 480 534 XVII.
547 461 683 525 Sed
721 481 939 524 earum
972 459 1209 524 multae
1248 480 1394 523 cum
1431 462 1872 526 exsecratione
1905 463 2145 526 nefarii
2172 449 2485 532 'U.c.6flo.

149 541 470 615 hominis,
532 544 729 633 miffis
771 542 852 605 ad
893 543 1224 605 Metellum
1260 545 1723 627 Pompeiumve
1761 545 2028 627 legatis,
2072 545 2143 606 in
2198 548 2487 626 μίλῳ..

150 623 347 685 fidem
396 627 835 690 Romanorum
877 642 1162 687 venere:
1232 625 1615 707 praesertim
1669 625 1823 699 ubi,
1885 641 2138 709 sumpto
2203 617 2412 700 {mmm
2436 629 2512 666 θ’·

148 705 234 767 im
286 707 470 779 eric,
518 709 855 793 Perperna
892 704 1095 768 statim
1128 705 1417 768 crudelis
1456 707 1773 791 apparuit,
1820 709 2031 769 tribus
2059 709 2138 768 il-
2163 696 2361 803 ‘'m‘fl'
2407 680 2482 735 ‘a

147 787 211 849 lu
235 788 453 849 tribus
492 788 697 862 viris,
743 789 855 873 qui
894 808 1019 849 una
1056 807 1137 848 ex
1172 787 1336 848 urbe
1377 789 1838 872 profugerant,
1881 787 2139 850 fratris·
2166 755 2305 875 gfff
2356 768 2516 871 Ἑν,

148 890 274 953 que
311 865 473 941 filio,
519 869 906 934 interfectis.
995 868 1200 951 Igitur
1236 872 1563 943 Metellus,
1609 869 1922 954 adrersus
1950 872 2142 932 talem
2165 838 2478 944 &segelum-

144 949 393 1022 hostem
432 949 684 1013 duobus
722 949 1118 1018 exercitibus
1153 968 1294 1011 rem
1331 971 1460 1012 non
1494 951 1795 1034 indigere
1827 950 2141 1030 judicans,
2427 945 2468 995 ⁸·

149 1031 472 1102 diversam
504 1033 855 1130 Hispa-niae
896 1044 1149 1128 partem
1195 1032 1458 1096 interim
1492 1048 1872 1119 pacaturus‚
1917 1031 2143 1105 debel-

147 1113 416 1175 landum
447 1116 763 1200 Pompejo
805 1111 1096 1197 reliquit.

267 1244 500 1308 me.
563 1248 739 1308 Inter
774 1245 896 1308 hos
920 1258 1056 1329 ‘per
1086 1246 1335 1331 aliquot
1370 1240 1513 1308 dies
1552 1243 1811 1308 levibus
1843 1244 2140 1313 certami-
2201 1261 2470 1337 pamm.
2575 1238 2586 1252 '

148 1324 344 1386 nibus
397 1343 589 1411 quum
640 1342 920 1391 tentatae
957 1329 1281 1412 utrimque
1324 1325 1499 1389 vires
1537 1326 1864 1412 animique
1902 1328 2138 1401 ess'ent,
2166 1324 2431 1394 uincitur.

151 1406 404 1469 decima
437 1407 543 1470 die
580 1411 830 1473 collatis
868 1409 1077 1492 signis
1104 1409 1494 1471 dimicatum.
1540 1412 1756 1471 neutri
1792 1410 1965 1471 enim
1998 1409 2144 1471 diu·
2346 1419 2355 1432 ’

148 1489 279 1550 tius
318 1509 459 1550 rem
498 1489 754 1565 differri
790 1492 1114 1576 placebat,
1171 1490 1345 1576 quod
1369 1491 1766 1573 Perpernam
1792 1494 1953 1552 Pom
2004 1489 2143 1569 ejus

151 1585 535 1653 sperneret3
594 1575 928 1657 Perperna
949 1614 966 1646 ,
999 1573 1225 1636 'donec
1267 1573 1335 1633 in
1368 1568 1596 1640 officio
1632 1572 1873 1634 m'ilites
1904 1592 1942 1634 e
1995 1585 2142 1645 ent,

155 1672 383 1713 eorum
417 1653 722 1715 utendum
754 1673 955 1738 opera
982 1654 1432 1717 arbitraretur.
1496 1651 1627 1714 Sed
1660 1673 1731 1715 ea
1767 1674 2000 1738 pugna,
2043 1666 2144 1715 te-

152 1754 331 1804 mere
383 1754 421 1794 a
461 1738 795 1819 Perperna
840 1737 1196 1809 commiss‘a,
1261 1735 1529 1819 dignum
1573 1735 1859 1798 auctoris
1899 1735 2147 1820 impru-
2244 1763 2251 1768 ·
2328 1759 2338 1768 ·

160 1814 371 1877 dentia
425 1816 665 1879 exitum
708 1817 951 1879 habuit.
1035 1822 1325 1903 Namque
1370 1815 1754 1901 Pompeius,
1811 1832 1996 1901 parte
2035 1835 2147 1878 co-

47 1927 54 1934 *
129 1897 404 2038 ‘piarum
444 1898 701 1961 idoneis
739 1898 903 1961 locis
945 1900 1290 1962 subsidere
1321 1895 1511 1978 juss'a,
1573 1917 1718 1959 cum
1763 1897 1994 1961 decem
2033 1918 2147 1961 co-

210 1979 452 2041 ortibus
502 1981 844 2064 precellit:
912 2001 1179 2065 eamque
1227 1982 1409 2045 velut
1459 1977 1665 2040 escam
1716 1995 1787 2043 ut
1826 1979 2147 2061 objiceret

159 2058 351 2132 hosti,
416 2064 655 2147 sparsit
705 2082 825 2146 per
878 2082 1170 2147 campum
1220 2083 1414 2134 suos,
1475 2071 1542 2124 et
1578 2064 1979 2146 Perpernam
2026 2080 2147 2144 spe

155 2139 345 2221 hujus
387 2143 852 2228 opprimendae
889 2165 1112 2207 manus
1149 2145 1381 2207 illexit.
1478 2146 1570 2205 Ita
1616 2157 1949 2207 contracto
2002 2162 2149 2207 cer-

156 2224 397 2286 tamine
418 2268 435 2296 ,
480 2226 665 2309 quasi
703 2223 1006 2289 resistere
1048 2248 1179 2290 non
1217 2226 1459 2311 poss'et,
1500 2222 1742 2288 bostem
1770 2224 2035 2288 deduxit
2066 2223 2150 2286 ad
2204 2269 2235 2287 a

157 2303 375 2368 loomim
415 2306 828 2370 insidiarum:
888 2308 1108 2374 ihisab
1152 2324 1431 2392 utroque
1472 2306 1678 2370 latere
1718 2326 2151 2391 prorumpen-

157 2388 372 2462 tibus,
434 2390 545 2485 qui
590 2403 773 2451 erant
812 2391 1116 2456 occultati
1136 2436 1154 2468 ,
1220 2387 1569 2454 conversus
1607 2389 2024 2452 Sertorianos
2067 2385 2150 2450 ad

162 2468 681 2533 internecionem
720 2471 982 2534 cecidit.

285 2601 455 2662 XIX.
518 2603 921 2685 Perpernam
940 2644 959 2676 ,
1023 2621 1217 2686 quum
1267 2622 1341 2665 se
1391 2622 1525 2665 non
1580 2602 1793 2663 minus
1843 2617 2146 2676 suorum,
2209 2589 2521 2679 θάνξθῐᾷω,

165 2703 358 2765 quam
403 2679 705 2758 bostium,
745 2697 941 2758 ‚metu
990 2684 1061 2745 in
1109 2685 1400 2747 sentibus
1447 2683 1823 2754 abdidiss’et,
1891 2679 2151 2765 quidam
2175 2668 2454 2724 ’‘dm‘'-

166 2765 425 2848 equites
447 2768 451 2771 ’
476 2778 925 2842 retraxerunt3
986 2767 1230 2850 probra
1284 2765 1593 2852 dirasque,
1642 2760 2110 2828 cumulantibus
2128 2805 2148 2838 ,

164 2848 280 2932 qui
318 2867 464 2909 eum
495 2845 798 2910 videbant
814 2890 831 2918 ‚
893 2848 1289 2911 Sertorianis
1311 2891 1330 2924 ,
1400 2850 1546 2931 quod
1591 2848 1739 2909 homo
1788 2844 1946 2905 nihili
1984 2862 2150 2925 prae-

151 2927 538 3007 Jtanttffimum
581 2934 763 2989 virum
801 2929 925 2989 dolo
948 2970 966 3002 ‚
1011 2950 1213 2989 ceteros
1253 2950 1432 2989 omnes
1462 2933 1736 3011 imperitia
1773 2948 1829 2987 et
1846 2925 2156 3003 stoliditate

158 3007 505 3092 perdidiffi't.
591 3010 677 3073 At
722 3010 835 3072 ille
872 3010 1036 3072 nibil
1072 3010 1281 3085 aliud,
1342 3031 1529 3094 quam
1564 3025 1635 3074 ut
1671 3010 1883 3072 salvus
1919 3006 2001 3069 ad
2033 3007 2155 3069 im-

159 3105 538 3176 peratorem
578 3091 1048 3167 deduceretur,
1093 3090 1465 3177 postulabat.
1508 3093 1699 3152 habere
1736 3096 1874 3150 enim
1897 3089 1961 3170 J?
1988 3094 2154 3171 prin-

159 3177 341 3256 cipum
371 3174 732 3234 Romanorum
764 3175 956 3235 literas
977 3215 995 3248 ‚
1039 3175 1228 3254 quibus
1260 3176 1540 3244 Sertorius
1577 3178 1635 3232 in
1681 3171 1906 3232 Italiam
1951 3174 2153 3231 accire-

160 3273 282 3315 tur.
369 3254 466 3317 lbi
513 3255 1004 3340 prudentissime
1055 3254 1502 3342 praesentibus
1559 3252 1740 3318 usum
1787 3252 1916 3315 ess'e
1955 3253 2154 3314 Pom-

158 3336 380 3420 peium
430 3339 632 3399 Roma
675 3337 1018 3418 judicavit,
1083 3336 1291 3433 quod,
1351 3337 1726 3422 priusquam
1767 3336 1835 3397 in
1873 3352 2153 3417 conspe-

162 3432 339 3479 ctum
388 3419 647 3482 veniret
685 3422 1057 3503 Perperna,
1115 3418 1286 3498 Juffit
1330 3418 1660 3480 hominem
1694 3415 1948 3479 occidi:
2009 3412 2152 3498 epi-

160 3497 354 3561 stolas
400 3520 612 3584 neque
649 3502 811 3585 legit
853 3500 1012 3585 ipse,
1059 3519 1271 3585 neque
1312 3499 1623 3583 legendas
1659 3495 1988 3569 conceffit,
2033 3492 2152 3557 sed

162 3580 479 3644 continuo
528 3583 839 3647 cremavit
879 3602 1146 3660 omnes;
1206 3601 1417 3666 eoque
1464 3580 1637 3642 facto
1684 3598 1994 3641 novarum
2040 3595 2150 3638 re-

162 3681 318 3723 rum
370 3665 688 3748 opprell'is
741 3665 1129 3739 seminibus,
1188 3657 1448 3726 terrore
1481 3674 1672 3746 atque
1696 3656 2149 3722 sollicitudine

160 3743 421 3827 ingenti
473 3746 838 3829 respublica
882 3747 1153 3810 liberata
1192 3742 1299 3809 est.
1401 3748 1627 3828 Neque
1671 3757 1881 3805 tamen
1918 3739 2145 3802 defue-

163 3839 353 3900 runt,
397 3827 509 3911 qui
551 3832 894 3911 carperent
912 3871 929 3903 ,
974 3830 1119 3910 quad
1142 3827 1400 3889 hominem
1421 3869 1439 3901 ,
1495 3825 1679 3888 ,Sicilia
1703 3823 1821 3906 fine
1859 3827 2168 3883 certamine

238 4014 592 4087 eap.xV11.
623 4013 801 4069 oros.
838 4014 992 4070 mut.
1029 4013 1280 4139 *lss'giffl‘
1347 4010 1497 4096 cap.
1517 3995 1730 4068 xvm.
1761 4009 1914 4066 mut.
1935 4010 2143 4080 Pomp.

168 4082 1024 4232 aqqskllj'ssgneseffifftrffiocntss:
1043 4083 1480 4226 {up.r34'p81;1'a:1:
1506 4080 1668 4196 'Plan
1698 4079 1905 4154 Pomp.
1939 4088 1996 4135 et
2013 4079 2149 4135 Ser-

1579 4222 1716 4294 Za
