2717 4667
475 244 566 306 m
607 242 908 306 Locum
950 230 1114 302 Lm.
1168 225 1460 318 xcvm.
1504 242 1731 306 mvn.
2003 241 2130 325 395

180 379 370 395 ω

168 448 300 512 dum
331 446 672 510 moenibus
710 443 951 510 hostem
982 446 1430 530 accinguntur.
1512 448 1586 507 In
1613 448 1869 530 agmine
1889 451 2127 514 Roma·
2182 454 2324 511 1100.
2341 450 2468 511 682.

167 552 241 591 no
273 529 515 613 primae
550 527 843 592 Rhodiae
883 549 1081 592 naves
1123 528 1335 608 ibant:
1406 529 1473 590 in
1516 548 1675 613 quas
1721 530 1884 593 illati
1915 533 2125 596 Hera·
2181 522 2445 594 A·¹·“··7⁰·

164 614 391 676 cleotae
427 609 634 673 statim
672 610 1118 696 depress'erunt
1157 624 1295 673 tres
1334 605 1647 688 hostiles}
1683 612 1813 696 ipsi
1849 613 2127 679 vicill'im

169 695 429 779 quinque
466 691 914 776 perdiderunt.
1005 694 1525 776 superveniente
1563 693 1801 756 deinde
1826 695 2122 772 Triarii),

172 797 340 860 quum
382 775 774 859 aliquamdiu
820 772 1220 849 restitiss'ent,
1270 776 1337 836 in
1371 773 1685 855 majorum
1767 790 1981 839 ortum
2011 797 2126 844 co-

169 858 270 920 acti
305 871 454 922 sunt
485 856 830 941 refugere,
873 856 1144 918 navibus
1175 857 1413 920 amiffis
1447 870 1723 941 quatuor
1770 858 1960 921 ecim-

263 965 425 1025 xm.
488 960 780 1035 Idcirco,
842 963 1001 1025 licet
1059 962 1289 1025 irritus
1340 975 1480 1024 tum
1535 981 1797 1105 qai-oque
1852 978 2120 1030 conatus
2175 971 2383 1026 Famem
2402 988 2499 1038 pa.

162 1045 365 1108 Cottae
388 1044 629 1118 sufflet,
662 1045 885 1129 inopia
907 1058 1121 1107 tamen
1148 1064 1370 1105 rerum
1397 1062 1559 1107 nece
1613 1065 1912 1118 amarum,
1988 1045 2121 1110 uod
2144 1042 2355 1122 fimf&
2389 1045 2438 1121 f?

160 1128 475 1201 Triarius,
536 1126 829 1212 quotidie
871 1145 1015 1188 cum
1053 1125 1434 1189 triremibus
1473 1124 1830 1202 oberrans,
1886 1149 1961 1190 su
2007 1109 2507 1192 ve-P‘st¹¹‘’⁸¹¹“'”·

157 1208 421 1270 ctionem
464 1222 933 1271 commeatuum
980 1207 1377 1291 impediebat
1397 1251 1415 1283 ,
1472 1206 1664 1269 brevi
1704 1209 1774 1269 in
1814 1211 2136 1278 maximas.

69 1319 70 1336 2
156 1290 527 1352 calamitates
561 1291 799 1353 obsess'i
825 1289 1227 1353 inciderunt:
1274 1289 1484 1353 donec
1521 1286 1800 1352 choenix
1828 1291 2125 1355 frumen-

154 1372 200 1432 ti
247 1371 571 1454 octoginta
624 1371 947 1435 drachmis
994 1371 1233 1434 Atticis
1281 1373 1558 1434 veniret.
1663 1373 1951 1435 Tandem
1973 1416 1991 1448 ,
2050 1388 2128 1438 ut

159 1453 341 1527 solet,
385 1457 476 1516 ex'
492 1453 661 1517 fame
689 1450 1050 1540 pestilentia
1079 1453 1376 1516 accell'itz
1428 1474 1591 1539 quae
1625 1466 1692 1516 et
1713 1454 2121 1529 Lamachum,

157 1536 421 1597 omnium
458 1536 771 1597 malorum
806 1536 1056 1620 patriae
1088 1548 1444 1612 auctorem,
1489 1556 1648 1622 prae
1677 1536 1955 1599 caeteris
1976 1537 2126 1599 lon-

156 1616 286 1699 gius
320 1630 386 1680 et
422 1617 723 1680 acerbius
763 1619 1237 1693 excruciatum,
1287 1618 1680 1703 absumpsit3
1727 1631 1794 1680 et
1828 1619 1897 1680 in
1931 1638 2125 1704 prae·
2186 1653 2191 1662 ·

161 1698 441 1761 sidiarios
482 1701 837 1785 praecipue
878 1700 1177 1763 saeviens
1199 1741 1218 1773 ,
1263 1699 1348 1762 de
1385 1700 1597 1762 tribus
1634 1700 1960 1782 millibus,
2007 1701 2126 1785 qui

158 1791 282 1840 tum
307 1780 502 1844 adhuc
545 1782 1033 1867 superfuerant,
1076 1781 1388 1845 trientem
1424 1780 1782 1845 demeffuit.
1868 1783 1956 1847 At
1985 1786 2125 1845 Ro-

162 1863 348 1934 mani,
487 1863 635 1926 ihus
675 1887 825 1927 aura
854 1863 1133 1926 liberior
1176 1879 1242 1927 et
1282 1883 1533 1927 annona
1572 1860 1909 1928 sufficiens
1945 1878 2118 1941 erat,

441 1886 484 1923 11

155 1941 356 2006 intacti
397 1885 477 2007 gb
518 1945 624 2008 his
667 1946 1007 2032 suppliciis
1042 1960 1440 2010 manserunt.

251 2051 422 2112 XIV.
468 2051 628 2114 lnde
658 2053 1091 2138 Connacorigi
1121 2066 1377 2138 tempus
1411 2053 1617 2118 visum
1651 2052 1738 2117 de
1774 2050 2114 2117 deditione
2155 2053 2490 2129 Aprunculo

143 2133 401 2217 agendi,
470 2153 599 2218 quo
639 2155 791 2198 suae
841 2135 1032 2198 saluti
1073 2136 1180 2199 vel
1221 2155 1346 2222 per
1386 2136 1723 2200 interitum
1749 2136 2114 2199 Heracleae
2135 2123 2468 2210 ‘mmmm

145 2215 519 2278 consuleret.
601 2216 843 2302 Igitur,
906 2231 1238 2303 assumpto
1294 2217 1365 2279 in
1421 2219 1798 2282 societatem
1850 2217 2116 2281 consilii

139 2296 533 2381 Damophele
556 2338 573 2370 ,
635 2299 783 2383 qui,
840 2299 1122 2383 partium
1149 2299 1451 2363 Lamachi
1491 2321 1691 2384 quum·
1720 2300 1972 2372 fuiss'et,
2017 2311 2116 2361 et-

137 2378 250 2440 iam
307 2380 379 2440 in
437 2380 914 2462 praefecturam
978 2380 1117 2460 ejus
1173 2382 1601 2456 success'erat,
1662 2383 1888 2445 Cottae
1928 2380 2119 2463 inge·
2218 2385 2231 2402 ¹

135 2462 337 2533 nium,
385 2473 459 2522 ut
488 2460 681 2526 ferox
713 2477 780 2524 et
812 2460 1108 2537 infidum,
1150 2462 1445 2537 aversati,
1488 2482 1634 2525 cum
1664 2462 1926 2535 Triario
1963 2480 2118 2544 age-

61 2603 66 2606 .
133 2563 202 2605 re
237 2556 621 2625 coeperunt.
703 2546 798 2607 Ea
848 2565 924 2608 re
971 2566 1093 2628 per
1146 2542 1476 2629 epistolam
1527 2543 1863 2640 quamdam
1908 2543 2122 2604 inter-

137 2645 206 2688 ce
254 2637 384 2687 tam
422 2624 724 2708 prodita,
769 2647 1002 2711 magno
1043 2647 1188 2689 cum
1224 2627 1503 2687 tumultu
1540 2647 1608 2687 in
1640 2624 1962 2688 theatrum
1995 2642 2118 2707 po·
2202 2687 2211 2711 ,

130 2730 169 2790 p
240 2729 316 2773 us
356 2709 730 2780 concurrit,
777 2708 1159 2792 cunctisque
1194 2722 1372 2772 metu
1407 2707 1884 2792 trepidantibus
1906 2749 1925 2780 ,
1967 2704 2124 2767 Bri-

130 2788 429 2872 thagoras
478 2809 517 2850 e
570 2789 970 2874 primoribus
1022 2792 1261 2854 civium
1316 2790 1566 2864 oravit,
1630 2787 2118 2871 Connacoriga,

118 2871 382 2951 Jiqutdem
439 2871 649 2930 deditio
702 2875 857 2932 cordi
906 2870 1032 2950 efflet
1052 2915 1070 2946 ,
1134 2892 1194 2932 at
1244 2872 1438 2931 saltem
1480 2892 1546 2931 ne
1587 2874 1794 2953 ignaris
1832 2870 2119 2951 oppidanis

130 2972 213 3009 res
253 2963 413 3011 tanta
454 2957 841 3034 agitat-etun,
862 2973 1063 3038 seque
1110 2955 1176 3016 in
1227 2951 1392 3015 illud
1441 2953 1778 3038 negotium
1825 2952 2112 3036 legatum

128 3031 484 3096 offerebat:
554 3054 749 3119 quum
809 3055 891 3097 ne
940 3051 1081 3098 aret
1129 3034 1574 3108 Connacorix‚
1638 3034 1965 3094 deditionem
2003 3030 2116 3107 sibi

121 3116 374 3193 placere3
436 3113 536 3189 elle
577 3117 847 3175 meliorem
909 3119 1080 3178 alutis
1118 3122 1260 3177 viam
1282 3160 1298 3188 ‚
1329 3114 1536 3196 sibique
1576 3136 1646 3175 ex·
1685 3115 1785 3175 diu
1828 3111 2113 3194 emanficra

122 3198 352 3257 auxilia.
444 3197 557 3259 Sic
611 3196 889 3281 decepto
940 3200 1221 3284 popule,
1280 3197 1686 3261 Connacorix
1740 3191 2117 3279 intempesta

125 3292 311 3340 nocte
346 3278 592 3340 milites
624 3299 778 3341 suos
815 3300 958 3342 cum
991 3281 1265 3343 sarcinis
1295 3279 1398 3361 (id
1434 3275 1608 3342 enim
1633 3278 1928 3340 Triarius
1956 3296 2110 3361 per-

123 3359 455 3457 mittebat)
499 3360 804 3447 imposuit
840 3362 1219 3428 triremibus
1244 3405 1263 3438 ,
1324 3361 1646 3445 simulque
1686 3380 1830 3423 cum
1867 3357 1954 3421 ii·
1978 3357 2109 3420 'ab-

120 3456 477 3526 navigavit.

232 3549 392 3612 XV.
443 3550 580 3613 Sub
610 3550 786 3613 idem
817 3565 1070 3636 tempus
1094 3551 1552 3648 Damopheles,
1596 3549 1840 3633 apertis
1872 3544 2108 3632 portis,
2168 3554 2487 3629 Asnispro-

117 3629 451 3692 Triarium
490 3633 781 3718 accepit:
840 3634 1134 3696 nonnulli
1176 3633 1455 3705 milites,
1518 3631 1656 3694 sive
1703 3629 1921 3695 taedio
1970 3646 2109 3688 mo·
2132 3626 2243 3681 diti
2264 3627 2485 3708 capium-¹

114 3729 259 3785 rae,
329 3715 481 3777 sive
532 3735 663 3800 quo
703 3715 772 3777 vi
807 3729 988 3800 capta
1021 3715 1252 3778 civitas
1287 3714 1662 3786 videretur,
1719 3732 1845 3796 per
1886 3728 2111 3771 muros
2128 3709 2289 3764 “¹⁶⁶1

114 3794 589 3859 transcendere
627 3796 1009 3861 maluerunt.
1098 3798 1211 3859 Sic
1244 3810 1552 3880 occupata
1577 3795 1917 3866 Heraclea,
1965 3811 2116 3854 cru-

115 3870 361 3939 deliter
398 3879 467 3939 in
507 3878 868 3964 oppidanos
907 3880 1239 3943 saevitum.
1322 3877 1729 3961 Romanique
1759 3883 2110 3954 memores.

114 3975 274 4038 quae
317 3961 589 4045 longam
630 3961 800 4024 inter
845 3961 1257 4026 ohsidionem
1298 3957 1581 4039 fastidia,
1648 3979 1812 4047 quos
1847 3957 2110 4023 labores

171 4147 333 4223 cap.
372 4152 506 4210 XV.
544 4146 808 4223 ‚Appiam
844 4150 1149 4227 Memnon.
1239 4203 1242 4208 .
