2717 4667
591 202 709 272 352
766 203 1322 272 Fnssmsnmm
1341 182 2158 274 SUPPLEMENTORUM
2180 206 2324 269 Lm.
2343 208 2503 272 th.

260 419 332 473 tJ.
362 435 416 471 c.
445 403 864 474 680.fniverat.
947 413 1185 495 Igitur,
1231 412 1521 473 alienatis
1562 405 1762 474 semel
1797 412 2060 487 animis,
2123 411 2330 477 omnia
2370 413 2546 479 ducis

258 488 533 569 A·,G;7²·
597 509 776 556 recte
827 495 1107 556 confulta
1147 492 1590 568 ministrorum,
1621 495 1773 556 dolo
1824 508 2013 577 atque
2057 497 2451 560 contumacia
2485 500 2549 559 in

281 555 574 673 M'ss'qn',
598 576 990 644 contrarium
1023 575 1397 638 vertebant:
1437 575 1863 659 Hispanique,
1909 592 2181 660 propter
2211 579 2465 642 tributa
2483 599 2552 642 ac

221 621 570 754 {jxsussfug‘
598 657 951 741 supplicia,
1014 677 1211 740 quae,
1274 659 1446 719 velut
1486 659 1766 719 Sertorii
1806 659 2001 738 juffu,
2062 661 2297 722 acerbe
2341 664 2554 745 exige-

151 767 172 778 *
594 739 847 810 bantur,
894 738 1277 800 deficiebant
1315 733 1695 819 a‘partibus.
1741 740 1828 818 ad
1863 739 1981 800 hos
2017 743 2416 805 revocandos
2451 742 2557 827 qui

594 821 1042 893 mittebantur,
1107 820 1186 882 de
1223 818 1525 882 industria
1565 822 1879 903 augebant
1913 823 2043 883 iras
2066 864 2082 894 ,
2129 823 2557 906 majoremque

593 904 663 963 in
708 902 965 962 modum
1016 903 1285 963 irritatis
1327 902 1621 963 barbaris
1665 903 2178 966 revertebantur.
2262 908 2321 966 ls
2372 905 2557 966 dolor

594 1006 627 1044 a
659 982 942 1069 pristinis
977 983 1264 1045 moribus
1301 983 1463 1045 adeo
1503 983 1768 1046 deduxit
1802 985 2199 1057 Sertorium,
2244 989 2316 1048 ut
2357 985 2560 1049 saevi-

593 1080 697 1127 ret
738 1064 804 1124 in
843 1066 1208 1149 principum
1247 1064 1529 1138 liberos,
1576 1066 1687 1150 qui
1720 1066 1932 1129 Oscae
1974 1066 2431 1143 educabantur,
2473 1080 2557 1142 et,

595 1152 777 1231 parte
817 1148 1197 1221 interfecta,
1244 1161 1499 1209 ceteros
1537 1147 1605 1208 in
1645 1148 2023 1211 servitutem
2061 1148 2397 1221 venderet.

171 1249 178 1256 “
259 1263 576 1318 σαωεαοηα-
718 1243 857 1330 VII.
903 1255 1072 1315 Dum
1106 1253 1264 1317 haec
1300 1267 1603 1336 aguntur,
1648 1255 1984 1338 Perperna
2015 1267 2278 1338 praeter
2309 1268 2566 1318 ceteros

209 1330 573 1414 {ursin-aarum
600 1335 968 1416 conjuratos
1001 1337 1068 1397 in
1104 1339 1478 1398 societatem
1511 1336 1772 1397 consilii
1791 1337 2096 1398 Manlium
2126 1336 2462 1421 quemdam
2492 1352 2570 1399 ex

224 1400 573 1484 mnammm·
602 1418 995 1481 Sertorianis
1034 1419 1305 1480 ducibus
1344 1417 1739 1483 adsciverat,
1805 1417 2163 1507 Deperibat
2198 1418 2569 1480 adolescen-

596 1501 682 1578 tis
725 1499 1047 1579 cujusdam
1082 1502 1259 1584 turpi
1295 1520 1511 1562 amore
1541 1499 1853 1562 Manlius:
1900 1520 2173 1584 eumque
2195 1541 2214 1570 ,
2257 1512 2326 1562 ut
2364 1500 2566 1583 magis

600 1583 727 1645 sibi
768 1581 1177 1663 adjungeret,
1226 1584 1442 1644 miss'os
1479 1581 1638 1642 alios
1676 1582 1895 1644 facere
1932 1596 2247 1644 amatores
2274 1580 2569 1643 hortatus

600 1663 728 1740 est3
791 1663 1068 1746 unique,
1130 1683 1277 1724 mox
1335 1664 1685 1725 interfecto
1739 1664 2073 1736 Sertorio,
2136 1663 2216 1725 ad
2266 1664 2566 1724 maximas

599 1749 761 1829 'opes
809 1760 1239 1829 perventuro,
1307 1766 1378 1806 se
1431 1745 1607 1813 dare.
1704 1747 1872 1807 ,Eum
1908 1765 2275 1809 sermonem
2307 1742 2570 1806 Aufidio

601 1826 851 1901 cuidam
885 1826 1255 1892 adolescens
1290 1826 1621 1911 exposuit,
1666 1825 1733 1887 in
1773 1848 1964 1911 quem
2003 1842 2141 1889 erat
2176 1827 2573 1889 benevolen-

600 1909 698 1976 tia,
728 1910 1137 1990 propensior.
1194 1910 1376 1980 -Ille,
1418 1929 1546 1969 non
1579 1908 1816 1971 leviter
1848 1910 2050 1983 ictus,
2096 1909 2276 1986 (nam
2318 1922 2388 1969 et
2426 1909 2569 1992 ipse

603 2004 743 2052 erat
778 1989 949 2050 inter
982 1989 1382 2068 conjuratos,
1443 1989 1559 2050 sed
1600 2004 1665 2051 et
1699 1991 2004 2052 Manlium
2042 1991 2167 2052 ess'e
2203 1989 2570 2068 nesciebat)

603 2070 976 2132 diffimulata
1024 2085 1232 2134 tamen
1284 2071 1681 2133 conscientia
1707 2115 1725 2145 ,
1792 2087 1985 2156 negat
2028 2073 2246 2134 verbis
2290 2070 2573 2131 hominis

601 2152 859 2216 ventosi
901 2166 967 2213 et
1002 2153 1166 2215 levis
1205 2152 1632 2215 adhibendam
1668 2152 1862 2215 fidem
1897 2155 2044 2216 ess'e.
2104 2168 2200 2226 at,
2245 2150 2575 2235 postquam

602 2233 973 2295 adolescens
1012 2237 1447 2318 Perpernam,
1496 2235 1920 2308 Graecinum,
1977 2234 2267 2318 aliosque
2309 2233 2575 2316 partici-

549 2391 552 2396 .
600 2336 720 2400 pes
767 2315 1005 2377 secreti
1046 2317 1435 2388 nominavit,
1503 2338 1635 2377 non
1683 2315 1934 2379 distulit
1973 2314 2381 2399 pergeread
2410 2317 2572 2376 Per-

601 2419 903 2482 pernam,
968 2412 1031 2461 et
1067 2398 1411 2460 admonere
1446 2399 1761 2482 periculi,
1819 2398 1946 2459 nisi
1981 2411 2228 2459 mature
2262 2416 2573 2482 praever-

503 2513 506 2518 ν
602 2492 837 2542 terent.
883 2501 941 2539 eo
982 2501 1096 2541 rem
1136 2482 1440 2554 deductam,
1481 2500 1548 2540 ut
1586 2480 1751 2542 celari
1788 2481 1887 2541 diu
1922 2501 1986 2540 ue
2039 2498 2166 2540 teat.
2209 2479 2571 2561 occupandum

601 2563 906 2624 Sertorium
922 2603 942 2637 ,
985 2582 1081 2627 aut
1114 2562 1452 2643 pereundum
1493 2562 1893 2641 insidiatoribus
1933 2584 1959 2619 e
2005 2584 2052 2622 e.

723 2667 888 2734 VIII.
935 2672 1092 2730 ,Non
1135 2667 1463 2730 dubitabat
1497 2671 1864 2751 Perperna,
1924 2669 2076 2752 quin
2118 2686 2272 2730 vera
2313 2663 2575 2750 praedi·

561 2809 564 2816 k
604 2763 931 2811 cerentur.
1016 2753 1100 2811 Et
1141 2769 1349 2845 nuper
1437 2770 1683 2833 uoque,
1730 2751 2050 2813 submiss'is
2091 2749 2317 2810 decem
2349 2747 2577 2809 militi-

604 2829 765 2905 buS,
827 2831 1191 2893 Sertorium
1227 2837 1601 2893 mter‘cere
1649 2847 1950 2905 conatus,
2014 2831 2407 2915 punitisque‘
2433 2849 2579 2913 par·

605 2913 758 2989 tim,
824 2913 1056 2997 partim
1106 2913 1282 2997 fuga
1313 2913 1552 2997 elapsis
1607 2913 2135 2985 insidiatoribus,
2203 2929 2579 2995 quamquam

606 2998 890 3058 nondum
926 3009 1063 3057 erat
1094 2994 1433 3079 proditus„
1477 3015 1560 3057 ne
1595 2996 2004 3080 proderetur,
2047 2993 2394 3059 metuebat.
2477 2990 2578 3054 ld-

270 3078 582 3149 conjurato·
608 3078 787 3140 circo
838 3077 1298 3157 conjurationis
1343 3076 1579 3152 duceS,
1635 3076 2003 3141 convocatis
2045 3072 2351 3137 celeriter
2394 3093 2582 3157 prae-

235 3164 357 3204 ’Μ’
388 3147 582 3216 “stu-⁸⁵·
610 3161 819 3246 cipuis
862 3159 1291 3231 consciorum,
1335 3156 1497 3219 nihil
1544 3158 1961 3221 cunctandum
2002 3157 2144 3229 rati,
2191 3165 2583 3237 componunt

608 3263 645 3305 e
690 3241 955 3326 vestig-io
999 3239 1245 3302 fraudis
1291 3238 1620 3301 ordinemz
1683 3242 2156 3322 subornatoque
2192 3236 2432 3299 idoneo
2465 3236 2583 3296 ho·

605 3328 800 3397 mine,
845 3317 1149 3385 confictas
1179 3323 1403 3383 literas
1437 3321 1732 3384 Sertorio
1766 3321 2107 3384 tradendas
2143 3332 2386 3390 curant,
2438 3316 2579 3401 qui-

606 3408 728 3482 bus
778 3406 857 3468 de
905 3426 1128 3487 magna
1176 3402 1449 3464 victoria
1489 3404 1922 3487 perscriptum
1961 3416 2135 3474 erat,
2198 3420 2386 3483 quam
2426 3404 2580 3460 Ser-

607 3487 1061 3572 toriiquidam
1097 3487 1411 3568 legatus,
1437 3484 1687 3569 ingenti
1730 3483 2001 3547 hostium
2041 3502 2310 3544 numero
2353 3480 2577 3543 debel-

606 3572 735 3634 lato
759 3613 775 3643 ,
820 3567 1221 3652 reportass'et.

301 3684 566 3759 Perperna
729 3679 842 3740 1x;
896 3677 1163 3739 Laetum
1222 3673 1305 3735 ob
1357 3673 1518 3736 haec
1579 3686 1644 3736 et
1697 3670 2163 3740 sacrificantem
2216 3667 2585 3734 Sertorium¹

253 3752 548 3810 Sertorium
611 3779 753 3821 cum
795 3757 1016 3826 amicis
1054 3756 1268 3834 (erant
1302 3769 1511 3818 autem
1545 3776 1626 3823 ex
1652 3757 2131 3837 conjuratorum
2166 3752 2468 3830 numero)
2505 3747 2585 3810 nd

244 3826 339 3948 εἴ,
356 3841 579 3950 Ξζῖἳὲἕζ
609 3826 975 3910 ‘30nvivium
1010 3837 1239 3900 invitat
1269 3839 1643 3921 Perperna,
1704 3839 2052 3921 multisque
2094 3832 2582 3975 precibusopin.

337 3948 352 3964 ι
564 3927 578 3945 ·
635 3975 642 3980 ’
2378 3933 2438 3975 cl
2468 3931 2515 3988 9·

674 4051 816 4123 Cap.
846 4051 953 4105 Vl.
991 4047 1243 4121 Appian.
1278 4049 1430 4104 Plut.
1471 4050 1697 4107 sertor.
1775 4045 2101 4125 cap.V111.
2137 4043 2393 4124 Appian.
2419 4042 2579 4098 Plut.

605 4119 748 4193 Cap.
782 4121 879 4175 lx.
922 4117 1061 4176 San.
1093 4119 1229 4175 nist.
1259 4121 1311 4190 3,
1354 4121 1436 4180 15.
2462 4127 2469 4138 '
