2717 4667
2270 45 2275 56 “
2366 59 2391 88 r

590 165 594 178 ’
649 170 769 253 176
818 162 1253 238 ramma.
1287 141 2118 236 SUP'PLEMENTORUM
2154 169 2592 233 memun.

310 377 451 458 119.
473 378 596 434 668.
627 378 746 440 dae
797 378 1111 461 pecuniae
1161 377 1617 461 praepositus,
1680 377 1837 439 licet
1887 376 2085 440 homo
2135 378 2313 440 mitis
2364 378 2599 462 ingenii

309 448 381 500 A·
416 448 482 503 C·
507 449 600 517 84.
625 460 925 522 nonnihil
966 460 1261 522 civitates
1298 458 1783 522 mansuetudine
1823 481 1936 520 sua
1970 460 2375 522 refocillaret
2401 502 2419 533 ,
2463 458 2600 522 effi-

627 563 782 604 cere
825 562 958 601 non
999 541 1247 625 potuit,
1304 561 1390 601 ne
1426 542 1758 602 maximam
1797 541 1865 602 in
1903 541 2326 603 calamitatem
2364 542 2602 603 incide·

550 663 557 680 .
625 638 794 685 rent.
880 627 1039 684 Nam
1076 635 1141 684 et
1172 623 1502 706 pecuniae*
1527 621 1971 691 conficiendae
2006 624 2243 695 causs'a,
2352 625 2459 685 uia
2496 623 2604 683 mi-

624 705 778 770 lites
817 704 1137 766 serociter
1174 718 1241 765 et
1276 705 1746 786 contumeliose
1787 705 2168 788 exigebant,
2211 645 2440 789 paffim
2473 705 2607 766 foe-

625 785 1041 848 neratoribus
1085 785 1371 858 theatra,
1432 801 1539 849 aut
1576 787 1870 860 moenia,
1934 801 2040 849 aut
2083 801 2349 869 portus,
2412 786 2608 850 aliave

626 868 885 951 publiea
921 864 1215 929 aedificia
1249 868 1517 951 pignori
1550 869 1846 953 opposita
1874 883 2053 930 sunt:
2101 881 2166 929 et
2193 867 2431 930 eodem
2461 883 2612 930 tem·

175 959 180 968 '
270 946 418 1001 Asfa
431 948 599 1030 §Usta-
628 970 793 1033 pore
831 970 1058 1032 magna
1091 971 1126 1009 a
1153 950 1384 1032 piratis
1414 949 1821 1012 incommoda
1852 950 2324 1012 inferebantur.
2370 952 2477 1012 nli
2496 949 2609 1012 Mi-

253 1029 350 1098 W!
379 1024 537 1098 *ξω*
566 1032 601 1071 ‘⁸
631 1030 935 1093 thridatis
979 1032 1446 1105 concessione,
1506 1033 1725 1093 Asiam
1767 1046 2085 1115 tamquam
2127 1051 2276 1092 mox
2319 1035 2614 1093 amitten-

249 1097 487 1156 μαψ·
632 1113 776 1174 dam
806 1109 988 1196 lnegli
1038 1114 1242 1186 entiS‚
1274 1134 1452 1175 mare
1488 1112 1786 1176 infestum
1820 1113 2063 1175 habere
2091 1128 2488 1196 coeperant:
2532 1126 2610 1188 et,

628 1194 755 1277 jam
791 1213 983 1257 succe
1037 1217 1078 1255 u
1113 1215 1519 1277 numeroque
1553 1197 1762 1269 aucti,
1793 1209 2050 1257 ·tantum
2082 1217 2211 1256 non
2241 1193 2420 1275 justis
2458 1197 2613 1258 clas·

536 1342 547 1364 ,
634 1277 853 1350 sibus,
896 1290 1032 1338 tum
1068 1276 1555 1359 navigantibus„
1599 1291 1733 1338 tum
1773 1279 1965 1339 etiam
1996 1276 2346 1361 portubus,
2398 1275 2616 1340 castel-

626 1358 753 1432 lis,
798 1358 1202 1441 urbibusque
1244 1359 1615 1431 metuendi,
1661 1360 2075 1442 vagabantur.
2156 1357 2359 1420 Jass'us
2414 1373 2616 1430 certe,

632 1440 1024 1524 Samusque,
1090 1454 1154 1501 et
1185 1440 1646 1514 Clazomenae,
1710 1455 1774 1504 et
1815 1440 2251 1513 Samothrace,
2311 1439 2469 1501 dum
2515 1440 2619 1500 ad-

512 1537 559 1592 x‘
628 1520 757 1584 huc
794 1523 863 1585 in
897 1523 1053 1584 Asia
1092 1517 1271 1585 Sulla
1309 1536 1469 1596 erat,
1514 1537 1736 1607 captae
1777 1537 1958 1600 sunt3
2006 1522 2619 1606 Samothraciaeque

633 1604 896 1666 celebre
954 1603 1118 1665 fama
1171 1602 1513 1666 delubrum
1563 1606 1945 1688 spoliatum,
2009 1619 2106 1678 et,
2174 1616 2245 1664 ut
2296 1604 2624 1666 creditum

632 1685 798 1761 fuit,
844 1686 1023 1747 mille
1059 1684 1448 1749 talentorum
1486 1685 1698 1771 egesta
1735 1701 2109 1749 ornamenta
2146 1699 2314 1747 sunt.

307 1826 490 1892 Sulla,
524 1842 617 1880 nes
743 1821 966 1880 XLIII.
1012 1816 1085 1879 Id
1109 1816 1285 1878 Sulla
1315 1836 1440 1878 nec
1476 1817 1857 1901 prohibere,
1902 1839 2026 1880 nec
2060 1817 2294 1879 ulcisci
2329 1818 2624 1879 curavit:

256 1898 435 1976 8¹³0&
453 1897 611 1961 Asia,
639 1903 779 1964 sive
812 1900 1085 1974 meritos
1119 1897 1281 1960 haec
1310 1900 1447 1982 pati
1478 1900 1773 1982 putabat,
1837 1901 1977 1961 sive
2025 1899 2291 1961 urbanis
2331 1898 2626 1962 motibus

259 1977 490 2032 '‘ww“
530 1966 612 2019 Α·
636 1986 915 2046 intentas
953 1980 1385 2066 cogitationes
1419 1978 1798 2055 habentem,
1859 1977 2004 2044 aliis
2041 1980 2325 2065 negotiis
2355 1982 2632 2064 pigebat

258 2033 458 2106 ‘Imm’
634 2082 893 2149 tempus
936 2077 1127 2146 atque
1172 2081 1392 2123 curam
1432 2063 1834 2147 impendere.
1934 2064 2175 2146 Igitur,
2235 2066 2309 2123 L.
2348 2066 2630 2125 Murena

638 2168 784 2211 cum
813 2144 1058 2207 duabus
1085 2143 1458 2225 legionibus
1478 2187 1496 2218 ,
1544 2166 1707 2228 quae
1747 2145 1865 2207 sub
1896 2145 2182 2206 Fimbria
2215 2144 2517 2217 fuerant,
2565 2144 2631 2203 in

637 2230 796 2291 Asia
823 2228 1090 2300 relicto,
1135 2245 1278 2287 cum
1310 2226 1550 2288 ceteris
1581 2246 1659 2289 co
1709 2227 1792 2288 iis
1823 2226 2207 2289 conscendit
2234 2240 2636 2299 naveS,.ter-

635 2312 862 2394 tioque
908 2309 1051 2381 die,
1157 2328 1297 2368 uam
1338 2308 1416 2369 ab
1446 2307 1633 2391 Ephe
1667 2331 1706 2370 o
1749 2309 2069 2382 solverat,
2124 2307 2480 2369 Piraeeum
2525 2329 2637 2389 ap-

635 2391 925 2476 plicavit.
1009 2394 1114 2469 My
1141 2389 1325 2449 teriis
1367 2389 1605 2452 deinde
1639 2389 2136 2456 Atheniensium
2174 2389 2499 2463 initiatu'S,
2552 2390 2643 2449 A·

637 2473 1012 2557 pellicontis
1052 2470 1197 2550 'reji
1248 2470 1709 2533 bibliothecam
1760 2472 2015 2555 requiri
2062 2472 2287 2551 jussit,
2352 2474 2646 2533 Romam

639 2555 722 2615 de
773 2568 1122 2616 ortaturus.
1214 2555 1274 2612 Is
1335 2554 1512 2615 inter
1567 2553 1920 2615 familiares
1970 2550 2313 2615 Aristionis
2369 2553 2649 2630 fuerat,

639 2580 954 2719 mil'l‘uque
1003 2634 1253 2714 tyranni
1287 2636 1525 2696 Delum
1572 2634 1893 2719 spoliandi
1938 2635 2074 2696 fani
2119 2634 2323 2696 cauffa
2364 2636 2650 2718 naviga·

640 2731 762 2777 rat.
837 2716 920 2776 ob
962 2716 1121 2777 haec
1161 2729 1226 2777 et
1260 2716 1409 2776 talia
1449 2716 1640 2778 bonis
1687 2716 1825 2795 ejus
1870 2716 2258 2799 publicatis,
2298 2717 2480 2777 Sulla
2505 2759 2523 2789 ,
2575 2730 2658 2780 ut¹

645 2812 785 2859 erat
825 2796 1222 2860 doctimmus
1265 2811 1334 2857 et
1369 2796 1718 2859 studiorum
1758 2819 2009 2871 amans,
2077 2797 2284 2859 libros
2330 2818 2498 2860 exce
2559 2798 2616 2859 it
2633 2840 2658 2869 ,κ

641 2899 810 3021 ἴβιος
846 2878 1191 2963 Apellicon
1235 2899 1467 2961 magno
1514 2881 1733 2963 pretio
1779 2880 2004 2962 paffim
2048 2884 2408 2952 coemerat,
2485 2882 2512 2940 i
2547 2879 2658 2939 lu-}

666 2961 860 3021 trium
901 2974 1235 3050 auctorum
1272 2981 1510 3043 opera,
1558 2961 1869 3045 quaedam
1905 2961 2100 3024 etiam
2137 2960 2426 3046 ipsorum
2470 2960 2657 3024 scri-

640 3057 751 3127 pta
792 3063 1004 3103 manu.
1979 3075 1986 3076 ff

312 3175 618 3259 Arf'stmffl
768 3164 995 3229 XLIV.
1049 3167 1229 3228 Inter
1258 3165 1380 3226 hos
1417 3179 1483 3226 et
1513 3164 1906 3228 Aristoteliei
1943 3163 2102 3225 libri
2135 3162 2422 3236 fuerunt,
2472 3185 2657 3248 quo-

261 3281 439 3315 corum
483 3265 616 3315 πή.
645 3266 790 3306 rum
837 3245 1001 3320 fata,
1068 3246 1153 3307 ob
1208 3247 1657 3309 celebritatem
1711 3246 2031 3318 nominis,
2096 3261 2161 3307 et
2253 3246 2355 3306 uia
2400 3249 2550 3307 res'
2579 3247 2657 3308 ad

261 3342 478 3403 pteram
519 3334 615 3399 fa·
644 3328 1010 3389 cautionem
1054 3326 1482 3390 studiosorum
1528 3330 1855 3413 pertinet,
1914 3348 2047 3387 non
2093 3341 2197 3389 tae
2247 3327 2381 3388 ebit
2429 3347 2657 3413 expo-

263 3412 401 3457 *ϋηο
639 3429 824 3469 nere.
912 3409 1294 3471 Aristoteles
1325 3410 1575 3493 primus
1603 3411 1777 3472 inter
1808 3411 2121 3482 Graecos,
2166 3423 2471 3492 quantum
2517 3414 2657 3472 sci·

640 3511 807 3564 mus,
850 3489 1393 3552 bibliothecarum
1424 3491 1935 3576 colligendarum
1968 3505 2214 3564 auctor,
2253 3490 2434 3551 Theo
2495 3490 2657 3552 hra-

641 3569 733 3635 fio
771 3571 1052 3633 scholam
1091 3572 1283 3633 simul
1321 3593 1497 3637 suam
1526 3574 1863 3657 librosque
1902 3571 2226 3634 decedens
2255 3513 2656 3636 transdidit

648 3652 1091 3738 Theophrasto
1132 3655 1376 3717 Neleus
1422 3656 1736 3740 Scepsius
1775 3654 1903 3717 fuit
1937 3653 2171 3717 heres:
2235 3676 2270 3714 a
2311 3673 2439 3738 quo
2479 3655 2646 3751 §ce

2399 3756 2589 3818 psum

716 3914 799 3968 Ca
846 3954 864 3972 .
894 3916 1068 3972 XLII.
1121 3917 1402 3990 Appiam*
1465 3921 1612 4002 Cap.
1643 3918 1846 3974 XLIII.
1885 3917 2037 3974 Plut.
2073 3875 2222 3977 sun.
2255 3918 2569 3976 Posiden.
2617 3940 2655 3978 a

645 3981 1010 4122 guffiwthen.
1040 3988 1096 4057 5,
1131 3993 1215 4059 ¹4·
1251 3987 1409 4045 Plut.
1442 3986 1725 4045 Posiden.
1800 3988 1947 4062 Cap.
1967 3989 2170 4050 XLIV.
2208 3989 2452 4060 Strabo,
2482 3988 2544 4045 1.
2589 3996 2655 4052 13
