2717 4667
386 219 505 304 ,ΙΝ
545 231 857 306 Locum,
893 233 1053 295 mn.
1106 232 1454 296 Lxxvu-i,
1496 192 1747 310 mvn}
1970 256 2053 317 79
2092 256 2110 277 κ

86 451 148 492 ac
178 432 336 494 clam
371 434 455 496 ad
480 435 806 518 profugos
841 434 1167 509 missitare,
1213 437 1580 519 complures
1611 435 1738 499 hoc
1779 438 2052 502 crimine
2112 447 2182 502 U.
2206 466 2256 503 0.
2275 447 2400 507 665.

3 536 6 566 ι
84 512 349 578 sustulit:
394 516 544 577 aliis
577 517 821 578 ademit
845 516 1039 591 bona,
1083 518 1583 602 tantumque'his
1612 520 1859 602 rapinis
1897 539 2053 582 con·
2110 517 2372 591 A.e.87.

3 569 6 708 ἰ
80 596 258 677 gess'it
311 620 758 671 nummorum,
848 613 919 660 ut
968 599 1159 662 etiam
1199 614 1431 683 puteos
1487 599 1733 684 aliquot
1765 603 2052 685 comple-

78 690 181 758 ret
222 682 516 762 pecunia.
601 683 739 741 Nec
796 682 968 741 enim
1032 681 1273 743 civium
1328 695 1606 755 tantum,
1692 682 1810 744 sed
1858 686 2056 746 etiam

3 830 4 843 χ
78 762 573 843 peregrinorum
603 761 941 824 facultates
987 761 1299 844 diripuit:
1359 762 1476 824 sed
1510 783 1632 840 nec
1668 784 1705 822 a
1735 766 1917 826 Delii
1960 768 2066 838 A-,

81 843 331 924 pollinis
364 831 650 924 pecunia
698 845 1049 927 sacrilegas
1088 841 1387 918 abstinuit
1423 866 1668 906 manus.

189 951 261 1007 L.
311 948 596 1043 Quoties
633 938 831 1010 alicui
869 948 1122 1011 dixiss'et
1166 949 1640 1033 perduellionis
1690 950 1902 1026 diem,
1948 951 2051 1011 in·
2108 959 2228 1030 Ips‘e
2244 975 2399 1012 acen.

75 1042 169 1089 ter
194 1029 450 1109 judices
485 1032 630 1114 ipse
678 1051 939 1114 quoque
984 1030 1356 1113 suffragium
1406 1033 1710 1117 ferebat„
1757 1034 1852 1094 sic
1878 1075 1895 1107 ,
1938 1033 2049 1116 qui
2071 1040 2226 1110 ’,Μῦν
2241 1041 2322 1082 ‘5‘
2340 1042 2393 1082 θ’

3 1177 6 1178 ⁷
76 1114 267 1172 semel
318 1113 534 1173 factus
594 1113 753 1174 effet
806 1133 994 1186 reus,
1064 1113 1435 1174 elabebatur
1481 1134 1712 1176 nemot
1780 1129 2048 1198 eratque
2067 1097 2254 1164 βόα·

3 1201 6 1226 '
72 1194 499 1268 tantumdem,
559 1192 939 1279 postulatum
992 1195 1269 1277 aliquem
1329 1193 1456 1256 hoc
1509 1195 1793 1275 judicio,
1859 1218 2051 1282 quam

3 1278 4 1285 ’
74 1275 432 1336 convictum
474 1290 668 1359 atque
709 1275 1375 1338 condemnatum‘ess'e.
1462 1278 1649 1339 Unde
1680 1281 1886 1340 ceteri
1937 1298 2051 1339 ex-

3 1420 4 1425 ,
72 1356 321 1430 territi,
386 1359 582 1419 simul
625 1356 877 1417 ‘deferri
909 1377 1143 1419 nomen
1189 1379 1373 1419 suum
1420 1357 1910 1435 intellexerant,
1977 1361 2087 1421 iu-

75 1439 364 1499 exsilium
413 1437 1023 1524 proficiscebantur.
1110 1439 1242 1501 Sed
1309 1437 1592 1501 Aristion
1616 1482 1633 1512 ‚
1695 1443 1850 1525 fuga
1899 1442 2050 1502 illo-

76 1539 201 1579 rum
248 1521 528 1583 minime
589 1535 967 1593 contentus,
1039 1522 1543 1606 sanguinemque
1595 1523 1824 1586 sitiens
1855 1566 1873 1597 ,
1921 1537 2049 1586 ter

3 1607 6 1610 ’
78 1600 246 1662 denis
289 1604 633 1687 *adpositis
684 1601 1040 1678 militibus„
1101 1623 1183 1664 ne
1280 1603 1384 1663 uis
1426 1603 1657 1687 egredi
1708 1623 1780 1667 se
1837 1605 2047 1668 invito

75 1682 419 1764 ingredive·
442 1686 687 1768 poss’et,
771 1696 992 1767 portas
1052 1624 1491 1748 custodiebat:
1559 1701 1666 1760 et,
1729 1701 2048 1772 quotquot

74 1763 140 1823 ab
206 1765 707 1828 insidiatoribus
752 1765 973 1848 paffim
1017 1788 1142 1851 per
1202 1788 1393 1854 agros
1449 1767 1786 1850 dispositis
1830 1769 2044 1853 excipi

70 1859 445 1926 potuerant,
494 1870 632 1922 eos,
683 1847 923 1908 indicta
971 1850 1173 1912 causs'a
1222 1848 1666 1921 excruciatos,
1714 1852 2044 1934 supplicio

78 1928 290 2010 capitis
332 1929 704 1992 adficiebat.
752 1930 871 1990 sed
905 1944 972 1991 et
1014 1931 1191 1992 inter
1220 1932 1363 2014 ipsa
1398 1945 1714 1993 tormenta
1757 1934 1941 1993 multi
1972 1954 2045 1994 e·

3 2055 7 2060 .
78 2012 531 2074 moriebantur.
619 2012 833 2107 Quum
885 2014 981 2074 sic
1026 2029 1323 2097 quoque,
1361 2015 1800 2095 praesentium
1840 2016 2043 2076 malo-

78 2110 211 2149 rum
247 2115 446 2155 sensu
484 2095 692 2155 minas
733 2092 1241 2176 impendentium
1272 2095 1574 2157 vincente
1600 2137 1616 2166 ‚
1662 2097 1847 2157 multi
1883 2117 2041 2179 pro-

72 2169 362 2254 fugerent
387 2219 404 2251 ,
473 2176 680 2237 edixit
722 2194 845 2257 per
904 2196 1293 2263 praeconem
1317 2218 1333 2248 ,
1400 2196 1464 2235 ut
1508 2177 1606 2238 sub
1659 2199 1895 2237 occasum
1931 2181 2040 2238 diei

71 2253 205 2314 domi
233 2279 365 2317 suae
396 2264 624 2339 quisque
654 2257 811 2338 estetj
866 2280 958 2319 nec
986 2261 1114 2320 inde
1136 2260 1313 2341 postea
1337 2300 1354 2332 ,
1416 2258 1506 2319 vel
1540 2279 1660 2318 cum
1699 2260 1913 2321 laterna
1941 2279 2043 2321 aut

61 2332 266 2415 funali,
310 2340 697 2422 egrederetur.

3 2492 4 2501 ,
174 2446 277 2505 LI.
325 2448 677 2519 Ceterum,
722 2444 1027 2519 Athenis,
1072 2445 1242 2508 hunc
1276 2446 1344 2507 in
1367 2448 1622 2510 modum
1657 2445 1737 2506 ad
1777 2446 2038 2508 Mithri-

3 2535 6 2578 ἵ
72 2525 293 2590 daticas
324 2541 554 2610 partes
596 2526 909 2602 adductis,
952 2526 1309 2588 Archelaus
1343 2542 1662 2612 tamquam
1690 2547 1839 2590 arce
1875 2527 2036 2590 belli

3 2631 6 2664 ε
70 2629 245 2681 usus,
289 2610 452 2672 alias
509 2628 768 2692 quoque
815 2609 1127 2670 Graeciae
1171 2610 1466 2670 civitates
1504 2631 1540 2670 a
1574 2609 1882 2671 Romanis
1922 2610 2035 2671 ab-

3 2697 6 2748 ῗ
74 2691 376 2751 alienavit.
467 2693 645 2751 Inter
683 2690 804 2751 hos
847 2685 1091 2754 Achaei
1144 2690 1448 2766 fuerunt,
1491 2703 1556 2753 ct
1597 2691 2031 2756 Lacedaemo·
2088 2706 2354 2776 Achasqet

3 2775 7 2830 ἔ
72 2772 181 2844 nii,
224 2793 377 2834 cum
410 2773 723 2832 universa
762 2772 1072 2845 Boeotia,
1117 2773 1247 2833 nisi
1293 2772 1468 2856 quod
1498 2791 1621 2834 una
1666 2774 2031 2858 Thespien-
2056 2777 2363 2830 Laudemu-

78 2854 218 2913 sium
268 2854 444 2914 *urbs
489 2853 900 2914 obsidionem
938 2855 1073 2937 pati
1108 2855 1441 2918 maluerat.
1510 2876 1657 2916 nam
1694 2856 2026 2929 Thebani,
2055 2848 2136 2898 nii
2175 2846 2352 2912 defici-

3 2950 4 2957 *
76 2935 192 2996 sive
232 2949 521 3019 propter
569 2935 911 3002 amicitiam
962 2933 1497 3009 Atheniensium,
1573 2938 1713 3000 sive
1766 2939 2029 3003 levitate
2052 2913 2356 3037 “2:122‘1*

74 3017 321 3098 quadam
362 3018 729 3077 animorum
752 3060 770 3091 ,
822 3018 992 3078 ultro
1030 3018 1322 3100 partibus
1347 3019 1765 3081 access'erunt.
2049 3002 2076 3037 ⁶
2235 3000 2308 3037 '⁸‘

137 3126 259 3185 LlI.
305 3123 492 3192 Inter
526 3123 686 3184 haec
728 3122 1188 3206 Metrophanes
1209 3166 1226 3196 ‚
1273 3124 1384 3207 qui
1423 3126 1660 3188 Delum
1708 3127 2031 3209 spoliave-
2089 3145 2343 3199 Bruuius

67 3218 192 3279 rat,
230 3226 381 3267 cum
416 3206 605 3289 regia
640 3206 825 3267 class'e
865 3218 1131 3287 vagatus
1153 3249 1170 3279 ,
1217 3225 1410 3288 agros
1458 3207 1632 3268 circa
1667 3208 2030 3269 Demetria-
2058 3213 2204 3269 Sura
2233 3212 2341 3263 Me·

69 3283 236 3362 dem,
279 3288 580 3370 itemque
625 3292 991 3370 Magnetas,
1038 3300 1105 3348 et
1143 3288 1201 3347 si
1235 3287 1347 3371 qui
1378 3287 1490 3349 alii
1528 3287 2032 3351 dominationem
2054 3282 2366 3352 “vnum

66 3370 230 3451 regis
296 3368 705 3444 abnuebant,
796 3390 883 3454 po
932 3370 1243 3430 ulabatur.
1331 3369 1463 3431 Sed
1518 3368 1688 3432 hunc
1735 3352 2237 3431 Bruttiusf‘ffl‘·

70 3448 220 3513 Sura
234 3454 255 3523 ,‘
310 3453 384 3512 C.
425 3451 642 3512 Sentii
685 3453 864 3511 Mace
915 3449 1128 3510 oniam
1158 3451 1509 3514 obtinentis
1544 3452 1827 3535 legatus,
1887 3471 2032 3512 cum

2 3521 6 3566 ξ
66 3536 269 3612 paucis
326 3533 467 3594 suis
504 3532 777 3594 navibus
819 3531 1146 3618 aggress'us
1169 3573 1187 3606 ,
1252 3553 1477 3595 navem
1511 3555 1699 3595 unam
1729 3553 1873 3593 cum
1912 3531 2031 3594 be-

66 3615 269 3678 miolia
325 3614 677 3699 depress'it,
724 3627 789 3675 et
840 3633 1102 3686 omnes,
1148 3614 1259 3709 qui
1305 3615 1408 3678 his
1452 3613 1884 3687 vehebantur,
1929 3614 2029 3673 in-

72 3712 383 3775 spectante
445 3695 877 3781 Metrophane
902 3736 919 3769 ,
995 3694 1301 3763 concidit.
1408 3693 1636 3780 quem‘,
1705 3696 2028 3758 contentis

76 3778 222 3837 velis
259 3779 625 3863 fugientem
651 3819 668 3852 ,
728 3777 1207 3861 negotiatores,
1268 3778 1381 3874 qui
1427 3778 1873 3840 crudelitatem
1921 3797 2027 3838 re-

84 3857 305 3936 giorum
330 3862 488 3924 Deli
520 3859 890 3944 effugerant
912 3902 945 3934 ,.
992 3880 1072 3921 ex
1104 3859 1363 3921 insidiis
1403 3860 1647 3934 adorti,
1689 3880 1859 3924 nova
1899 3860 2028 3921 cla·
2061 3910 2069 3916 .

151 4017 263 4092 Cap.
290 4023 383 4077 LI.
423 4020 583 4107 Plut.
638 4017 822 4073 Sulla.
868 4016 1101 4100 Appiau
1170 4026 1229 4072 et
1274 4018 1571 4102 Memnon.
1614 4016 1858 4072 Pausan.
1896 4014 1936 4071 l.
1969 4032 2025 4087 9.

92 4082 211 4160 Cap.
228 4092 341 4150 LII.
368 4094 621 4150 Pausan.
645 4087 689 4147 1.
714 4090 772 4147 3.
802 4086 1054 4161 Appiau.
1085 4085 1239 4142 Plut.
1267 4083 1521 4158 Appian.
1556 4084 1803 4142 Pausan.
1835 4085 1874 4139 l.
1902 4086 1958 4143 3.
