2717 4667
589 222 717 291 ’638
808 222 1213 290 memsn.
1239 190 2083 313 SUPPLEME'NTQRUM
2102 219 2264 283 Lm.
2291 220 2505 283 Lxx.
2660 246 2675 329 ὤ

354 447 410 487 ο·
435 430 563 502 697·
593 433 662 497 in
706 433 906 495 alium
945 431 1127 495 velut
1168 431 1397 493 orbem
1438 429 2055 493 transituro·nullus
2094 453 2130 493 a
2165 444 2273 495 ter
2322 451 2363 495 o
2399 430 2598 495 bostis
2676 498 2677 501 ,

301 539 319 560 ·
345 503 417 560 0·
445 502 540 560 ⁶⁵·
592 504 1111 600 relinquebatur.
1195 514 1426 597 Igitur,
1469 513 1812 597 praemiss'o
1844 513 1925 574 ad
1957 502 2267 597 speculan
2321 535 2432 577 um
2461 536 2603 578 cum
2676 520 2677 533 ¹

471 624 474 629 ·
590 620 718 662 una
772 616 942 673 nave
984 596 1057 658 C.
1088 596 1468 667 Voluseno,
1531 616 1730 678 quum
1781 596 2057 675 navibus
2116 597 2275 659 duas
2335 599 2602 660 omnino
2678 624 2679 651 1

589 680 891 766 legiones
931 676 1381 762 imposuiss'et,
1419 676 1644 761 paucis
1679 676 1866 740 horis
1898 678 2308 740 Britanniam
2350 679 2598 763 attigit,

589 762 888 855 peditatu
915 773 1161 847 tantum
1193 756 1457 843 stipatus
1478 801 1495 825 .
1541 757 1720 842 quod
1752 759 2050 844 equites,
2096 762 2227 825 alio
2258 758 2415 825 loco
2449 780 2600 824 eon-

596 844 919 911 scendere
942 841 1100 924 -juffi
1119 883 1137 915 ,
1183 840 1619 905 tardaverant.
1923 870 1931 877 ·

274 958 538 1018 Britanni
716 950 884 1015 LVI.
948 947 1284 1020 Britanni,
1346 960 1764 1031 quamquam,
1822 945 2122 1011 Caesaris
2171 946 2602 1035 expeditione

226 1034 501 1102 obsistunt.
596 1033 894 1118 cognita,
951 1032 1226 1127 ,legatosc
1253 1030 1323 1090 in
1356 1029 1632 1092 Galliam
1670 1030 2022 1104 miserant,
2087 1031 2487 1116 obsequium
2540 1044 2603 1094 et

596 1115 867 1187 obsides
905 1113 1232 1199 polliciti3
1288 1125 1505 1174 tamen
1547 1111 1936 1195 frequenter
1962 1114 2203 1177 ‘armati
2245 1114 2328 1175 ad
2372 1112 2602 1199 prohi-

592 1197 882 1261 bendum
931 1215 1253 1257 exscensu
1291 1194 1568 1256 militem
1613 1193 2157 1277 opperiebantur:
2223 1206 2290 1258 et
2331 1197 2473 1258 loci
2516 1194 2603 1258 si·
2684 1240 2685 1243 ,

594 1293 704 1344 tus
744 1280 857 1347 ille
895 1291 1071 1351 erat,
1132 1290 1205 1338 ut
1240 1273 1502 1359 angusto
1541 1275 1716 1338 inter
1752 1291 2007 1340 montes
2049 1277 2227 1340 aditu
2260 1278 2395 1340 tela
2437 1279 2604 1340 utri·

592 1378 834 1447 umque
881 1359 1076 1440 adjici
1116 1360 1186 1419 in
1228 1379 1264 1419 e
1315 1356 1678 1420 redientem
1720 1359 1995 1442 possent.
2079 1359 2288 1444 Igitur
2326 1359 2412 1421 ad
2449 1364 2600 1423 octo
2686 1384 2687 1405 ¹

595 1445 801 1507 millia
848 1441 1136 1528 pastuum
1193 1379 1347 1503 inge
1394 1439 1550 1501 litus
1598 1440 1860 1522 planum
1909 1455 2338 1527 apertumque
2383 1444 2599 1526 petiit.

595 1529 699 1589 Eo
750 1543 1010 1611 quoque
1072 1524 1220 1585 loco
1270 1520 1739 1593 Britannorum
1791 1521 2117 1607 equitatus
2176 1535 2243 1586 et
2290 1522 2601 1586 effedarii

598 1628 673 1671 se
710 1619 1182 1693 opposuerunt.
1269 1603 1755 1666 Ess'edariorum
1798 1603 2343 1748 pulgnandiratio
2386 1606 2600 1669 ferme

598 1692 833 1754 similis
876 1689 1002 1750 fuit
1043 1688 1144 1760 ei,
1208 1704 1376 1771 quae
1419 1699 1551 1749 tem
1592 1686 1831 1749 ‘oribus
1932 1686 2177 1750 ero'icis
2220 1687 2399 1772 apud
2442 1695 2600 1773 poe?—
2690 1726 2691 1761 ς

592 1786 693 1837 tas
733 1770 1152 1835 adscribitur.
1223 1768 1454 1851 'Quum
1494 1788 1531 1829 e
1589 1782 1654 1830 et
1690 1769 1804 1831 diu
1840 1780 2194 1843 certatum,
2237 1770 2597 1845 Romanos,
2690 1764 2691 1795 ¹

597 1872 980 1941 quamquam
1015 1851 1369 1935 iniquitate,
1395 1851 1528 1912 loci
1566 1865 1633 1913 et
1667 1872 1842 1915 novo
1877 1870 2122 1937 genere
2158 1870 2424 1937 pugnae
2468 1864 2597 1914 tur·
2692 1918 2693 1929 χ

594 1938 954 2007 babantur,
997 1936 1107 1995 lon
1157 1953 1230 1994 ae
1268 1952 1511 2007 naves,
1556 1947 1625 1997 et
1663 1935 1883 1997 emiss'a
1919 1934 2075 1997 inde
2113 1934 2472 2000 tormentis
2506 1950 2599 1998 te·
2692 1938 2693 1957 l

594 2020 695 2094 la,
739 2020 1027 2083 victores
1071 2035 1107 2076 e
1160 2015 1456 2080 ecerunt.
1973 2019 1977 2023 ’
2496 2034 2503 2039 ·

279 2148 384 2210 Sea
411 2146 545 2205 vm!
637 2127 648 2137 ‘
721 2125 920 2211 LVII.
963 2119 1288 2195 Britanni,
1332 2119 1542 2205 magis
1572 2133 1858 2197 terrore,
1903 2143 2093 2209 quam
2124 2120 2388 2198 damno,
2424 2141 2587 2188 eom-

224 2224 445 2277 minuat
474 2220 550 2274 te·
599 2207 813 2293 pulsi,
860 2204 1038 2291 quod
1074 2205 1363 2289 equitatu
1396 2201 1730 2279 destitutus
1766 2207 2004 2270 Caesar
2035 2205 2298 2293 insequi
2334 2205 2595 2291 fugien-

196 2303 399 2363 tem·
601 2306 703 2354 tes
742 2288 1160 2375 nequiverat,
1203 2286 1457 2370 legatos
1490 2286 1830 2350 miserunt.
1919 2291 2076 2352 Cum
2103 2289 2207 2352 his
2237 2301 2304 2352 et
2329 2290 2594 2352 Comius
2696 2324 2697 2341 κ

600 2372 884 2435 Atrebas
923 2372 1142 2443 venit,
1187 2390 1420 2455 quem,
1466 2390 1501 2429 a
1536 2370 1815 2432 Caesare
1854 2370 2301 2454 praemiss'um,
2347 2383 2423 2433 ut
2448 2370 2599 2433 Bri·

598 2468 831 2518 tannos
879 2453 960 2515 ad
1009 2452 1353 2523 amicitiam
1389 2450 1619 2535 p-opuli
1653 2452 1929 2515 Romani
1970 2453 2472 2528 cohortaretur,
2537 2463 2600 2515 et

599 2536 680 2602 ab
719 2559 792 2600 se
826 2535 1406 2620 comprehensum,
1466 2530 1605 2617 post
1634 2534 1872 2597 'infelix
1905 2536 2232 2632 proelium
2266 2535 2601 2599 liberave-

600 2634 770 2689 rant.
854 2621 1095 2681 Caesar
1128 2617 1266 2678 leni
1305 2615 1600 2677 oratione
1641 2614 1996 2702 castigatis,
2041 2621 2185 2697 quod
2223 2637 2410 2715 pacem
2446 2616 2600 2679 ultro

639 2706 829 2763 exitam
861 2700 1000 2761 bello
1033 2717 1141 2758 non
1176 2697 1465 2778 neceffierio
1499 2698 1868 2779 mutaviffint,
1915 2698 2183 2762 obsides
2221 2700 2599 2785 imperavit.

594 2720 842 2869 bisque
875 2779 1168 2844 adductis
1190 2823 1208 2853 ,
1271 2778 1340 2840 in
1383 2777 1622 2842 faciem
1660 2782 1984 2845 amicitiae
2021 2784 2281 2868 quietae
2320 2802 2435 2845 res
2474 2782 2600 2847 effe

604 2879 998 2952 coeperunt,
1045 2860 1540 2947 haudquaquam
1578 2861 1786 2926 solida
1824 2876 1933 2926 aut
1969 2862 2274 2927 diuturna
2312 2862 2476 2927 fide.

265 2998 398 3055 κα
411 2996 583 3057 upa,
730 2962 956 3038 LVIII.
1001 2973 1162 3034 Nam
1194 2968 1310 3031 ubi
1344 2965 1719 3056 tempestate
1758 2968 2066 3052 disjectae
2096 2991 2317 3046 naves,
2357 2968 2599 3056 quibus

224 3067 378 3128 tane.
605 3056 864 3141 equites
910 3066 1095 3116 erant
1138 3052 1468 3135 impositi,
1530 3053 1931 3115 Britanniam
1988 3066 2219 3119 tenere
2279 3055 2601 3138 nequive-

281 3142 285 3147 '
600 3152 757 3201 runt
768 3156 788 3217 3
834 3155 1164 3220 navesque
1189 3134 1525 3213 Caesaris,¹
1554 3136 1802 3220 ignotis
1831 3135 1998 3199 locis
2029 3138 2106 3198 ad
2136 3157 2412 3213 ancoras
2436 3130 2601 3197 stan·

598 3232 743 3293 tes,
808 3218 1035 3282 eadem
1084 3214 1422 3302 tempestas
1476 3214 1841 3302 confregit,
1906 3233 2014 3282 aut
2050 3216 2130 3280 ad
2164 3216 2603 3303 navigandum

595 3300 892 3366 reddidit
927 3300 1234 3377 inutiles3
1298 3307 1485 3363 coi‘re
1521 3299 1894 3375 Britannis,
1955 3300 2238 3364 miscere
2279 3298 2597 3372 consilia,

595 3383 921 3470 postremo
959 3402 1298 3469 resumere
1332 3402 1508 3445 arma
1533 3380 1799 3466 placuit,
1847 3379 2023 3480 quod
2055 3380 2419 3447 exercitum
2453 3381 2599 3444 sine

599 3479 1002 3541 commeatu,
1065 3465 1208 3527 sine
1249 3463 1562 3539 navibus,
1622 3462 1693 3526 in
1732 3462 1948 3528 hostssi
1991 3466 2133 3528 solo
2174 3464 2407 3549 iniquo
2444 3460 2602 3526 anni

595 3561 899 3634 tempore
935 3544 1418 3633 deprehensum
1451 3545 1646 3611 facile
1682 3558 2106 3632 superaturos
2145 3570 2217 3612 se
2251 3544 2601 3632 putabantt

595 3630 1048 3715 'victoriaeque
1101 3629 1460 3714 praemium
1517 3651 1646 3692 non
1704 3632 1873 3692 intra
1970 3629 2293 3694 raesentia
2348 3640 2603 3691 tantum

597 3704 939 3776 commoda
972 3710 1273 3775 staturum
1307 3710 1620 3775 rebantur
1640 3731 1661 3793 3
1728 3710 1883 3785 sed,
1921 3653 2031 3775 fiis
2072 3711 2310 3776 deletis
2343 3710 2602 3807 copiis,

598 3794 848 3857 nemini
896 3794 1110 3881 postea
1161 3792 1475 3857 veniendi
1527 3791 1607 3857 ad
1642 3795 1997 3858 Britannos
2046 3794 2379 3859 audaciam
2427 3798 2602 3858 iore.

597 3869 809 3963 Igitur
850 3877 1180 3963 legionem
1230 3878 1569 3959 septimam
1586 3918 1621 3951 ‚-
1671 3897 1837 3963 quae
1883 3876 2084 3941 missa
2133 3878 2604 3941 frumentatum

599 3959 851 4048 fuerat,
898 3959 1115 4056 subito
1148 3960 1462 4025 maximus
1499 3980 1809 4024 numerus
1844 3958 2160 4046 aggress'i‚
2208 3973 2415 4024 totam
2444 3977 2607 4023 eon-

665 4150 820 4221 cap.
853 4146 1007 4207 LVI.
1060 4144 1301 4222 Strabo,
1336 4147 1478 4206 Tac·
1505 4144 1708 4225 Agris.
1747 4165 1802 4209 e.
1831 4165 1918 4208 n.
1953 4146 2125 4237 Gaea.
