2717 4667
609 153 1330 288 ‚adrnssmsnssun
1357 200 2587 270 SUPPLEMENTORUMLm.XL1x.

788 393 793 408 ι
1873 375 1880 403 f
2295 379 2304 390 “
2550 399 2556 406 .

276 416 359 470 Ἦ.
380 427 433 469 ο.·
451 415 579 484 669.
731 409 893 479 xm.
952 412 1088 476 Sed
1106 455 1122 480 ,
1169 408 1496 498 postquam
1542 413 1612 475 in
1651 412 2019 495 Satyrorum
2057 412 2458 475 mentionem
2496 408 2594 472 in-

276 484 355 539 3‘
380 483 922 574 Cvffleoidimus,
967 494 1294 558 neminem
1333 514 1410 555 re
1457 495 1889 560 rehensurum
1922 509 2119 580 puto,
2164 494 2258 567 si,
2304 512 2475 579 quae
2517 491 2596 554 de

301 555 384 608 D‘
423 571 486 608 ‘⁴'
524 571 712 641 '‘-his
750 577 909 638 mihi
942 578 1111 640 lecta
1143 589 1252 640 aut
1286 595 1398 637 cre
1448 578 1538 662 ita
1573 592 1752 650 sunt,
1792 577 2016 662 paucis
2051 596 2402 662 aperuero.
2463 579 2601 638 Jam

259 640 549 714 ''⁶⁰'“u'1
576 660 924 746 [pi-imum,
997 671 1069 721 ut
1119 659 1242 719 alia
1295 660 1542 743 passim
1591 672 1945 722 occurrunt
1995 660 2063 721 in
2107 670 2330 722 natura
2370 678 2604 742 parum

608 741 1066 808 convenientia
1123 738 1423 824 legibus,
1483 763 1641 839 quas
1685 742 1996 804 humanae
2050 740 2398 826 opiniones
2447 739 2605 800 ima-

610 823 936 907 ginantur,
984 824 1074 884 ita
1101 822 1331 883 mixtas
1358 823 1692 886 hommum
1725 842 1799 888 ac
1829 823 2187 885 belluarum
2251 842 2472 884 ormas
2498 841 2608 882 ex-

612 902 838 967 sistere
872 905 1072 990 polle,
1117 903 1357 966 rationi
1385 906 1655 968 minime
1689 918 2031 990 repugnat.
2116 904 2202 967 Se
2271 924 2348 966 ex
2375 901 2610 966 eadem

464 1053 469 1058 ,
610 987 865 1050 ratione
893 983 1293 1050 manifestum
1323 986 1431 1070 est,
1479 1009 1613 1052 non
1632 988 1786 1051 ideo
1814 986 2014 1066 statim
2039 984 2368 1059 exsistere,
2420 983 2611 1069 quid-

513 1095 519 1101 ·
613 1068 773 1151 quid
810 1066 1048 1152 potest3
1101 1081 1166 1130 et
1203 1066 1285 1130 de
1329 1070 1507 1132 omni
1543 1089 1619 1132 re
1660 1068 2206 1139 extraordinaria,
2247 1067 2383 1129 nisi
2418 1065 2613 1129 bonis

610 1147 915 1223 testibus,
959 1149 1444 1235 inepteo‘rcdi3
1503 1172 1629 1214 nec
1675 1153 1812 1214 illis
1861 1166 2072 1215 tamen
2115 1151 2283 1213 ultra
2325 1148 2611 1216 creden·

340 1245 357 1280 t
613 1231 800 1305 dum,
847 1254 1035 1319 quam
1071 1231 1284 1316 quoad
1320 1232 1545 1297 idonei
1581 1232 1774 1297 testes
1805 1233 1934 1297 effe
1968 1232 2242 1318 poss'unt.

734 1354 908 1419 XIV.
953 1354 1163 1437 Igitur
1190 1354 1259 1415 in
1290 1355 1619 1439 praesenti
1651 1356 1958 1442 negotio,
2004 1367 2390 1439 conspectas
2439 1351 2619 1432 ejus-

600 1434 796 1497 ·modi
842 1433 1095 1498 formas
1137 1437 1679 1522 semicaprorum,
1747 1458 1893 1502 cum
1943 1438 2209 1500 lascivis
2253 1433 2619 1517 foedisque

662 1515 935 1591 estibm,
999 1537 1132 1589 non
1180 1521 1591 1603 negaverim:
1649 1520 1718 1583 id
1758 1521 1936 1583 enim
1979 1542 2015 1581 a
2057 1518 2276 1581 multis
2321 1512 2418 1578 est
2509 1534 2620 1576 ro-

663 1598 844 1659 itum.
906 1599 1357 1663 animaliumne
1396 1600 1646 1665 fuerint
1682 1623 1757 1665 ea
1793 1621 1870 1665 co
1959 1621 2095 1675 ora,
2137 1621 2215 1662 an
2254 1619 2424 1660 vero
2516 1615 2625 1658 ae-

530 1685 531 1692 ’
602 1693 877 1739 monum
916 1677 1222 1753 fraudes,
1280 1682 1353 1743 id
1393 1683 1493 1745 illi
1540 1675 1805 1769 quidem
1845 1684 1912 1747 di
1965 1684 2239 1767 inguere
2278 1678 2628 1761 haudqua-

277 1771 343 1822 In
364 1769 593 1825 Atlante
664 1781 805 1819 uam
845 1773 1221 1845 potuerunt.
1302 1767 1598 1828 Montem
1638 1768 1964 1830 Atlantem
1984 1809 2002 1840 ‚
2051 1786 2175 1846 qua
2222 1773 2492 1846 spectet
2534 1760 2624 1819 A·

246 1839 573 1910 3⁴!er
643 1842 841 1902 ricam
862 1884 880 1914 ,
924 1843 1163 1904 laetum
1194 1864 1664 1929 amoenumque
1697 1845 2077 1931 spontaneis
2107 1833 2437 1905 fructibus
2459 1884 2478 1915 ,
2529 1841 2628 1901 in-

247 1910 425 1965 tusus.
611 1923 834 1986 terdiu
880 1943 1153 1985 vacuum
1196 1926 1422 2004 cerni3
1488 1926 1788 1989 eumdem
1828 1926 2134 1989 noctibus
2176 1926 2426 1985 micare
2473 1942 2628 1988 cre-

608 2005 751 2067 bris
796 2005 1096 2088 ignibus,
1163 2006 1568 2092 Aegipanum
1614 2011 2118 2093 satyrorumque
2173 2005 2451 2068 lascivia
2501 2006 2633 2069 im-

607 2088 819 2172 pleri,
886 2087 1192 2149 tibiarum
1247 2109 1321 2151 ac
1377 2087 1620 2154 fistulae
1679 2106 1892 2154 cantu·
1919 2105 2045 2173 tym
2097 2108 2512 2173 anorumque
2566 2100 2634 2149 et

610 2169 1046 2251 cymbalorum
1087 2171 1304 2234 sonitu
1338 2173 1684 2268 plusquam
1722 2173 2001 2236 humano
2097 2191 2170 2234 re
2220 2190 2333 2233 ore
2353 2209 2374 2252 ,
2445 2171 2633 2233 celc-

607 2250 782 2313 brati
823 2265 1124 2315 auctores
1160 2253 1622 2336 prod1derunt.
1691 2256 1904 2318 Etiam
1945 2255 2014 2317 in
2051 2256 2178 2316 Aet
2225 2251 2639 2336 iopiajuxta

612 2333 817 2397 silvas
852 2334 1082 2408 ebeni,
1127 2348 1544 2421 montemque
1583 2338 1870 2401 aeternis
1907 2337 2172 2422 ignibus
2207 2332 2638 2430 flagrantem,

606 2415 908 2477 modicos
958 2418 1164 2480 colles
1217 2438 1528 2481 amoenae
1580 2420 1922 2505 opacitatis
1971 2439 2119 2481 cum
2166 2417 2646 2500 Aegipanibus

610 2511 681 2562 et
710 2498 968 2579 Satyris
1012 2495 1273 2582 quidam
1311 2499 1691 2585 posuerunt.
1775 2539 1798 2559 λ
1935 2527 1940 2530 ·
2389 2529 2400 2542 ¹

735 2620 881 2684 XV..
940 2621 1043 2681 De
1079 2620 1186 2683 his
1222 2622 1311 2686 ita
1350 2624 1603 2697 sentio,
1666 2645 1863 2710 quum
1894 2621 2121 2685 Africa
2163 2618 2473 2684 monstris
2521 2622 2650 2684 ab·

613 2700 859 2774 undet,
919 2701 1381 2767 solitudinibus
1415 2705 1720 2779 horreat,
1768 2703 1928 2767 fieri
1966 2706 2244 2788 potuiss'e
2268 2747 2284 2776 ,
2336 2717 2411 2765 ut
2456 2705 2650 2767 cmi-

612 2804 737 2844 nus
784 2782 1129 2866 conspecta
1178 2787 1477 2848 animalia
1524 2786 1719 2852 fidem
1754 2785 2484 2873 praeternavigantibus
2538 2786 2658 2850 fe·

615 2863 832 2928 ccrint
874 2862 1335 2947 superstitione
1371 2868 1496 2951 jam
1536 2869 1907 2954 occupatis:
1965 2866 2206 2931 deinde
2247 2868 2440 2930 solita·
2487 2871 2656 2931 lon-

617 2946 722 3028 gis
756 2946 1402 3031 peregrinationibus
1444 2952 1692 3014 vanitas
1730 2949 2100 3020 access'erit,
2151 2967 2315 3013 nova
2351 2963 2422 3011 et
2462 2952 2662 3013 mira

302 3030 492 3114 Sjaeyri
520 3032 598 3088 si.
618 3026 947 3090 narrandi.
1031 3030 1231 3093 Certe
1254 3074 1271 3106 ,
1320 3033 1660 3095 simiorum
1700 3032 2052 3118 gregibus,
2095 3032 2258 3092 mira
2302 3031 2660 3095 varietate

258 3116 486 3156 ’'mm‘'
507 3120 594 3174 80·
622 3129 976 3193 generum,
1034 3111 1329 3175 Africam
1372 3113 1685 3178 refertam
1730 3115 1897 3187 effe,
1955 3133 2088 3174 non
2132 3112 2543 3195 ambigitur-3
2618 3136 2662 3176 e

259 3186 374 3223 ’Μ’
610 3191 859 3273 quibus
891 3193 1081 3254 etiam
1115 3193 1405 3278 fuerunt,
1453 3217 1620 3280 quos
1652 3197 1917 3281 antiqui‘
1936 3197 2161 3271 Satyros
2192 3216 2270 3279 ap
2322 3194 2663 3262 ellat-ent.

615 3274 704 3336 Et
736 3287 891 3336 nota
922 3272 1010 3336 est
1034 3275 1328 3341 animalis
1350 3278 1660 3353 lascivia,
1692 3277 1977 3341 cavenda
2011 3216 2420 3346 mulieribus,
2470 3298 2661 3362 qua-

612 3376 761 3417 rum
819 3357 1234 3420 concubitum
1290 3372 1646 3445 appetunt,
1708 3360 1892 3422 velut
1944 3382 1981 3421 a
2032 3373 2259 3420 natura
2315 3357 2661 3443 decepti,

618 3457 787 3523 quae
822 3438 1058 3500 similia
1088 3438 1390 3522 ipsorum
1422 3441 1689 3504 feminis
1729 3441 2018 3503 membra
2053 3440 2254 3503 dedit.
2342 3439 2485 3501 Sed
2534 3442 2661 3505 ista

618 3519 1159 3604 quemadmodum
1200 3521 1441 3585 fabulis
1484 3538 1782 3587 veterum
1826 3524 1982 3590 satis
2027 3522 2465 3589 conreniunn
2531 3524 2661 3587 ita.

618 3602 799 3686 quod
839 3601 929 3665 de·
962 3616 1152 3665 cantu
1193 3605 1508 3690 tibiisque
1544 3620 1613 3669 et
1645 3605 1948 3687 cymbalis
1987 3604 2276 3674 additur,
2329 3603 2659 3686 longiss'i.

614 3703 723 3744 me
755 3683 1087 3748 abhorret.
1173 3687 1434 3749 Nullum
1463 3689 1638 3751 enim
1670 3688 1924 3758 animal,
2025 3699 2241 3748 raeter
2265 3684 2652 3750 hominem

614 3766 908 3830 musicae
945 3787 1500 3854 numerorumque
1542 3769 1881 3836 scientiam
1916 3710 2163 3832 hfbare
2198 3763 2422 3853 potest.
2504 3772 2650 3854 lgi

691 3950 835 4023 cap.
859 3953 1015 4009 xlv.
1051 3954 1201 4008 run.
1239 3954 1293 4022 ες
1331 3977 1381 4011 ι.
1419 3910 1697 4036 εοιῑη.ρ.
1726 3970 1813 4020 27.
1853 3953 2116 4035 Mela-a,
2149 3945 2233 4010 io.
2270 3951 2421 4034 run.
2449 3954 2521 4020 6,
2559 3958 2657 4014 30

624 4018 722 4144 ssaa
747 4058 776 4143 ο.
802 4023 940 4163 2553:
979 4025 1118 4079 Tae.
1154 4024 1308 4080 Ann.
1345 4040 1398 4092 a,
1434 4025 1520 4092 ²4·
1556 4023 1710 4080 le.
1742 4022 1805 4104 8,
1831 4025 1922 4093 ⁶⁴·
1958 4021 2193 4079 Aristot.
2235 4021 2448 4134 Hister.
2481 4022 2657 4083 Ani
