2717 4667
553 208 643 270 IN
684 204 985 271 LOCUM
1025 207 1190 268 LIB.
1233 207 1644 282 LXXXVIII.
1682 207 1905 273 LIVII.
2110 207 2236 272 235

892 307 2228 364 ——.-....-...-.-.-...-—.l.--......-.-.

347 413 522 474 XXI.
583 397 658 476 l'd
707 435 781 476 se
826 414 1149 480 facturum
1202 414 1492 499 recepit=
1555 436 1771 498 neque
1806 415 2009 477 multo
2046 413 2224 501 post,
2287 417 2357 473 U.
2392 436 2442 472 c.
2474 420 2597 485 670.

221 514 300 555 re
334 515 742 578 nequecum
780 512 1038 567 senatu,
1093 518 1307 581 neque
1356 497 1493 558 ullo
1533 495 2009 579 magistratuum
2047 518 2224 560 com·
2285 490 2357 542 Α·
2398 490 2593 571 028²,-

220 578 585 663 municata,
644 579 1144 662 proscriptionis
1185 579 1527 663 proposuit
1562 580 1879 652 tabulam,
1943 601 2067 662 qua
2103 601 2222 641 no·
2251 555 2328 681 ᾖ
2316 574 2463 681 '1222'
2453 573 2602 681 :pm

220 657 398 720 mina
449 663 781 741 octoginta
824 661 1359 724 continebantur:
1425 662 1600 723 inter
1646 683 1808 744 quae
1857 663 2226 724 consularia
2493 664 2512 682 ⁸

232 756 546 821 quatuor,
593 743 842 816 Carbo,
884 743 1168 817 MariuS,
1212 744 1590 816 Norbanus,
1639 758 1704 806 et
1733 744 1992 828 Scipio3
2039 743 2226 805 dein-

230 822 308 883 de
349 825 730 896 SertoriuS,
794 840 858 887 et
902 825 1053 899 alii,
1117 846 1282 910 quos
1326 827 1502 888 Sulla
1538 847 1698 910 prae
1741 826 2020 894 caeteris
2067 825 2228 889 ode·
2266 853 2274 860 -

226 920 346 967 rat.
436 906 747 969 Omnium
794 908 874 970 ad
920 906 1245 969 inauditae
1291 922 1478 971 antea
1520 909 1832 971 saevitiae
1875 908 2228 989 tyrannici-

225 1008 353 1071 que
391 988 659 1073 imperii
698 991 1061 1074 exemplum
1100 990 1548 1073 indignatione
1583 1003 1937 1063 commota,
1980 1003 2230 1070 tantum

220 1090 355 1129 uno
396 1070 507 1132 die
543 1072 977 1157 interposito,
1039 1072 1355 1134 ducentos
1393 1071 1666 1156 vigint'-‚
1714 1071 1866 1134 dein
1909 1070 2226 1158 postridie

219 1151 467 1236 iterum
518 1153 689 1217 haud
740 1156 1085 1241 pauciores
1130 1154 1504 1242 adscripsit.
1589 1097 1850 1237 ‘diecit
1894 1173 2017 1240 pro
2065 1173 2226 1216 con-

218 1235 418 1298 cione
440 1278 459 1308 ,
503 1258 622 1310 eos,
669 1260 898 1320 quorum
938 1236 1251 1319 memimffi’t
1273 1280 1290 1311 ,
1333 1234 1726 1322 proscripfiffis:
1785 1237 1853 1298 de
1890 1240 2086 1298 ceteris
2122 1238 2223 1298 de..

217 1338 505 1377 cretarum
528 1361 546 1389 ,
587 1319 680 1379 ubi
720 1324 778 1379 in
818 1337 1044 1379 mentem
1082 1317 1325 1400 venisset.

345 1401 550 1464 XXII.
611 1401 1161 1487 Receptatoribus
1208 1403 1398 1465 etiam
1450 1399 1967 1488 proscriptorum
2007 1419 2221 1482 poena
2278 1413 2563 1467 Caesarum

213 1483 455 1544 mortis
494 1481 582 1545 est
612 1483 983 1569 proposita,
1029 1505 1159 1544 non
1207 1497 1523 1569 excepto,
1569 1482 1881 1565 sanguine
1920 1481 2213 1564 junctos»,
2242 1484 2430 1552 ingens
2461 1499 2559 1536 nu-

216 1584 296 1623 an
337 1580 649 1627 externos
689 1586 953 1630 servare
989 1566 1354 1629 voluissent.
1440 1569 1559 1638 Et,
1622 1565 1789 1625 sicut
1836 1563 2218 1626 humanitati
2244 1568 2443 1605 '‘⁶¹¹‘ss

216 1647 648 1731 supplicium,
727 1650 814 1711 ita
858 1648 1230 1711 crudelitati
1279 1664 1342 1711 et
1384 1645 1701 1732 perfidiae
1748 1666 2005 1708 merces
2046 1644 2218 1709 dicta

215 1726 306 1788 est
330 1771 346 1800 ‚
390 1730 462 1791 in
504 1730 760 1813 singula
798 1731 1007 1815 capita
1041 1732 1281 1794 talenta
1318 1729 1470 1793 duo.
1524 1729 1686 1792 haec
1725 1747 1956 1801 serve,
1990 1729 2061 1789 -si
2097 1728 2216 1789 do-

212 1811 464 1873 minum
500 1812 871 1887 occidiss'et,
915 1812 1112 1886 haec,
1160 1814 1215 1875 si
1254 1828 1616 1897 parentem,
1658 1809 2217 1895 filiorepraesen-

214 1892 537 1966 tabantur.
619 1895 1082 1959 Proditoribus
1124 1896 1318 1957 etiam
1355 1895 1696 1960 latentium
1732 1894 2021 1990 praemia
2057 1912 2216 1956 con-

215 1971 422 2041 stituta
465 1991 635 2038 sunt.
693 1978 1001 2073 Denique
1036 1991 1312 2061 quatuor
1343 1978 1547 2041 millia
1581 1976 2003 2060 septingenti,
2047 1994 2215 2059 quos

215 2077 288 2117 ea
319 2057 519 2141 pestis
558 2058 839 2133 sustulit,
884 2060 1150 2140 jubente
1185 2060 1396 2134 Sulla,
1447 2074 1749 2142 tanquam
1783 2056 1862 2120 ad
1890 2056 2216 2141 praeclari

208 2138 529 2204 facinoris
581 2141 962 2206 servandam
1004 2143 1426 2217 memoriam,
1496 2142 1565 2203 in
1618 2140 1868 2204 tabulas
1916 2140 2213 2224 publicas

206 2221 402 2285 relati
443 2237 614 2285 sunt.
685 2229 758 2285 ln
785 2224 889 2286 his
919 2239 1294 2290 senatorum
1323 2224 1746 2311 equitumque
1772 2223 2215 2288 Romanorum

207 2302 341 2368 duo
382 2307 589 2369 millia
626 2306 816 2369 fuisse
855 2307 1184 2369 traditum.
1221 2352 1226 2358 -

331 2413 564 2474 XXIII.
621 2418 853 2497 Neque
893 2416 1140 2474 Romae
1183 2427 1465 2487 tantum,
1527 2412 1646 2475 sed
1684 2435 1810 2499 per
1847 2410 2214 2475 universam
2269 2404 2455 2486 Rujum
2479 2418 2573 2470 μ’

203 2494 457 2555 Italiam
490 2495 751 2558 furialis
788 2496 899 2556 illa
932 2495 1274 2578 tempestas
1311 2496 1655 2558 desaeviit.
1741 2498 2025 2559 Severae
2064 2515 2213 2581 pas·
2231 2474 2456 2525 naham
2476 2488 2584 2521 “³²⁶

207 2575 335 2636 sim
387 2575 796 2660 quaestiones
844 2577 1284 2651 habebantur,
1351 2579 1409 2639 si
1465 2579 1612 2662 quis
1664 2578 1784 2640 sub
1833 2577 2045 2639 Mario
2105 2587 2213 2637 aut
2231 2541 2569 2665 fgtfgwm

205 2658 512 2721 Carbone
543 2660 862 2743 legatisve
900 2680 1125 2722 eorum
1163 2658 1476 2743 stipendia
1508 2659 1689 2722 civili
1721 2660 1896 2744 bello
1929 2658 2212 2722 meruis-

205 2753 347 2818 set3
413 2741 470 2800 si
554 2757 727 2804 artes
767 2763 806 2803 o
860 2762 935 2809 e,
994 2743 1278 2810 co‘nsilio
1326 2742 1617 2822 juvisl'et3
1682 2741 1739 2803 si
1784 2742 2048 2805 omnino
2087 2737 2228 2803 stu-.

208 2820 434 2884 diosus
485 2824 742 2886 ilarur'n
822 2824 1031 2885 uiss'et.
1118 2823 1524 2919 Quibusdam
1567 2823 1760 2887 etiam
1800 2823 2060 2886 crimini
2102 2821 2216 2881 da-

200 2916 341 2963 tum
377 2905 719 2979 referunt,
784 2905 960 2989 quod
998 2926 1140 2968 cum
1181 2907 1400 2988 aliquo
1439 2926 1668 2968 eorum
1707 2925 2046 2970 commune
2080 2905 2214 2970 iter

200 2983 560 3051 iniviss'ent.
643 2988 743 3052 Ibi
777 2988 990 3048 omnia
1020 2987 1239 3049 divina
1266 2987 1672 3071 humanaque
1703 2990 1941 3051 violata
1973 3000 2041 3050 et
2064 2986 2215 3072 pol-

205 3067 343 3128 luta
382 3084 558 3130 sunt.
640 3070 858 3132 mariti
894 3071 962 3131 in
996 3070 1268 3153 gremiis
1304 3089 1616 3142 uxorum,
1663 3070 1731 3131 in
1765 3071 1913 3132 sinu
1938 3082 2216 3132 matrum

200 3148 404 3212 liberi
448 3153 746 3219 confossi.
811 3172 994 3214 sacra
1038 3151 1416 3237 hospitalia,
1465 3151 1898 3216 caerimoniae
1944 3165 2011 3213 et
2053 3149 2214 3212 reli-

200 3233 442 3313 giones
471 3236 788 3307 Deorum,
831 3233 1097 3319 ipsaque
1137 3253 1366 3296 eorum
1400 3233 1783 3329 penetralia,
1829 3233 2075 3297 nemini
2105 3251 2213 3298 se·

202 3333 438 3378 curum
477 3316 787 3398 adversus
822 3316 1233 3403 percussores
1268 3316 1646 3401 periugium
1680 3316 1938 3380 dabant.

328 3422 571 3487 XXIV.
629 3426 920 3507 Eratque
957 3444 1265 3487 numerus
1310 3422 1584 3506 exiguus
1628 3437 1752 3505 per
1786 3423 1952 3486 iram
1985 3434 2095 3486 aut
2135 3439 2214 3504 oq
2267 3410 2513 3481 71‘71‘41‘1

202 3503 391 3566 dium
436 3505 713 3567 victoris
757 3507 1210 3591 pereuntium,
1281 3525 1441 3589 prae
1482 3504 1896 3570 multitudine
1941 3482 2562 3574 eorum‚f“⁶¹‘¹“¹“²”

201 3586 319 3670 qui
371 3586 752 3650 facultatum
803 3589 1007 3650 cauffa
1054 3586 1472 3651 necabantur.
1583 3605 1816 3650 uorum
1857 3587 2051 3649 etiam
2085 3604 2208 3667 per
2229 3566 2424 3675 22:2⁸⁶
2452 3567 2534 3602 ’κ’

192 3669 763 3732 nomenclatorem
802 3670 1167 3753 conquisita
1203 3670 1467 3730 nomina
1500 3681 1563 3730 ta
1610 3668 1754 3733 ulae
1781 3666 2211 3752 proscriptio-

193 3750 305 3812 nis
358 3765 670 3835 tyrannus
715 3750 976 3832 adjecit.
1061 3750 1146 3846 Q,
1177 3750 1488 3816 Aurelius
1511 3793 1528 3827 ,
1583 3748 1692 3814 vir
1727 3749 1936 3838 quieti
1968 3748 2202 3827 animi,

259 3911 415 3980 cap.
438 3909 588 3961 xxi.
629 3877 785 3962 Plut.
813 3907 952 3964 nio.
984 3907 1111 3964 ων.
1130 3907 1289 3980 Epit.
1321 3901 1619 3979 Angustia.
1651 3905 1826 3960 oros.
1851 3904 2005 3960 Plut.
2045 3903 2196 3972 oap.

187 3982 376 4038 xxn.
413 3976 505 4047 Ap
553 3976 669 4036 ian.
707 3978 865 4034 Plut.
902 3977 1056 4032 Vell.
1093 3997 1146 4044 2,
1179 3978 1269 4033 28.
1304 3976 1462 4030 Plut.
1500 3973 1632 4032 val.
1665 3974 1816 4031 Max.
1849 3990 1901 4042 9,
1933 3991 1984 4028 α.
2022 3971 2195 4025 Flor.
2270 3975 2277 3984 “

183 4051 337 4121 Cap.
364 4048 469 4101 XX
532 4049 578 4101 l.
620 4045 713 4099 Au
763 4045 872 4100 .de
892 4045 1022 4100 civ.
1037 4046 1168 4115 Dei,
1196 4048 1260 4120 3,
1280 4046 1366 4106 28.
1403 4041 1533 4104 Liv-
1547 4042 1707 4123 Epit.
1739 4043 1994 4123 Appiam
2026 4039 2189 4099 Plut.

182 4120 337 4196 cap.
363 4117 578 4178 xxlv.
615 4062 753 4177 valg.
774 4118 930 4177 Max.
967 4115 1123 4176 mut.
