2717 4667
2352 113 2369 140 Ι

580 206 703 270 230
791 206 1197 272 FRmNsH.
1236 200 2074 288 SUPPLEMENTORUM
2111 165 2260 265 Lai.
2297 203 2463 270 Lm.

183 461 198 470 ,
270 414 339 468 U.
359 433 407 469 c.
430 414 555 485 670.
587 411 710 486 sit}
751 412 922 476 haud
963 413 1163 475 ‘facile
1205 433 1407 496 queas
1450 412 1870 474 discerneret
1931 435 2156 476 omnes
2192 411 2343 476 istos
2384 413 2587 477 duces

269 486 340 541 A·
371 487 441 554 C·
467 486 558 544 8²·
587 496 1096 562 simultadfuiss'e
1143 496 1403 579 proelio
1430 538 1446 567 ,
1507 516 1639 556 non
1685 495 1771 556 sit
1807 495 2160 558 absurdum
2199 495 2585 558 existimare.

586 577 855 644 Servilii
902 592 1086 648 certe
1121 598 1411 661 magnam
1453 598 1533 639 eo
1573 576 1753 638 bello
1794 588 1859 639 et
1885 579 2286 661 praeclaram
2316 599 2588 662 operam

584 660 815 732 fuiss'e,
880 660 1039 728 boni
1090 674 1393 724 auctores
1438 659 1898 742 prodiderunt.
1986 660 2117 722 Sed
2167 662 2473 723 Carrinas
2528 673 2595 720 et

579 742 828 823 reliqui
882 742 1294 811 Carboniani.
1328 741 1528 806 (luces
1580 741 1821 822 junctis
1876 742 2087 827 copiis
2141 743 2219 803 ad
2271 740 2593 825 angustias

583 823 1021 898 access'enunt‚
1087 839 1379 887 extremo
1438 831 1674 886 conatu
1733 823 1925 888 simul
1984 844 2132 885 cum
2185 823 2590 888 Samnitibus

615 907 985 988 jer-rupturi.
1050 908 1162 990 qui
1212 927 1295 991 pe
1332 903 1851 970 Samnites-inde
1890 907 2143 989 repulsi
2177 907 2595 990 Campaniam

647 988 1049 1071 truriamque
1082 930 1439 1061 valiabant,
1496 987 1616 1050 sub
1655 988 1904 1052 invidia
1937 990 2221 1074 partium
2261 1009 2332 1054 se
2371 987 2594 1053 vindi-

587 1084 834 1164 cantes·
917 1070 991 1133 Id
1028 1092 1288 1158 quoque
1325 1069 1558 1134 frustra
1588 1070 1734 1135 fuit.
1887 1094 1892 1097 ·

288 1202 562 1272 Reliquiae
708 1195 821 1256 V1.
867 1195 1070 1277 Ergo,
1119 1217 1317 1278 quum
1348 1217 1564 1280 neque
1600 1210 1825 1257 tenere
1862 1195 2277 1280 propositum
2308 1193 2592 1278 poss'ent,

204 1288 320 1352 egem
339 1273 561 1356 saynni.
590 1290 691 1347 et,
751 1273 1020 1337 instante
1065 1277 1218 1339 hinc
1261 1280 1473 1352 Sulla,
1537 1278 1692 1340 inde
1732 1279 2089 1363 Pompeio,
2155 1297 2370 1362 neque
2425 1300 2595 1360 pro-

205 1344 355 1393 ”bm
400 1360 526 1410 jun.
587 1357 777 1441 gredi
812 1358 1042 1431 facile,
1088 1381 1302 1444 neque
1346 1361 1616 1444 regredi
1654 1358 2276 1431 tutum'videretur,
2320 1374 2600 1423 noctur-

204 1409 559 1534 ‘texgmam
584 1458 673 1502 no
709 1439 949 1502 itinere
979 1444 1248 1504 Romam
1279 1444 1615 1526 petierunt
1634 1486 1651 1517 ‚
1698 1442 1992 1504 virorum
2022 1456 2088 1503 et
2117 1455 2603 1504 commeatuum

199 1496 239 1551 ν
373 1516 407 1538 ”
583 1522 809 1605 inopia
847 1522 1019 1585 haud
1054 1523 1396 1594 difficilem
1434 1540 1626 1608 captu
1650 1524 1993 1586 arbitrati:
2053 1538 2118 1585 et
2156 1523 2236 1608 ad
2270 1523 2600 1587 duodeci-

582 1625 793 1678 mum,
851 1627 1066 1688 neque
1109 1607 1420 1690 ampliu5‚
1486 1608 1563 1669 ab
1605 1606 1770 1668 urhe
1808 1606 2094 1691 lapidem
2135 1604 2331 1668 castra
2365 1607 2436 1666 in
2475 1609 2599 1670 Al-

581 1684 751 1748 bano
788 1702 1010 1772 monte
1044 1688 1422 1772 posuerunt.
1502 1690 1599 1751 Ibi
1644 1689 1847 1751 noctex
1883 1702 2104 1750 exacta
2142 1687 2314 1750 haud
2352 1690 2600 1772 exigua

581 1788 727 1830 cum
771 1790 925 1853 spe,
989 1769 1166 1853 quod
1225 1772 1422 1832 tantis
1480 1787 1707 1855 totque
1769 1771 2042 1833 ducibus
2105 1769 2596 1853 imposuiffent3

582 1851 773 1912 simul
812 1872 955 1924 cum
990 1854 1136 1913 luce
1168 1852 1512 1935 profectos
1546 1876 1625 1922 ex
1657 1854 1822 1915 urbe
1851 1852 2108 1914 nobiles
2128 1852 2428 1934 juvenes,
2459 1875 2600 1915 una

577 1952 725 1992 cum
765 1934 889 2017 Ap.
926 1933 1194 1995 Claudio
1228 1935 1477 2017 insigni
1512 1938 1690 2006 viro,
1738 1934 2142 1998 ceciderunt.
2231 1933 2598 2015 Octoginta

573 2013 778 2074 millia
818 2015 1207 2078 bellatorum
1250 2031 1473 2079 erant:
1539 2017 1878 2079 dimidium
1923 2015 2062 2094 ejus
2105 2016 2362 2100 numeri
2403 2018 2597 2079 Sam-

574 2096 747 2157 nites
777 2097 1163 2179 implebant,
1218 2118 1383 2181 quos
1402 2141 1419 2170 ,
1483 2102 1659 2162 solos
1691 2100 1978 2161 omnium
2005 2100 2377 2170 Italicorum
2406 2089 2596 2168 arma

575 2178 981 2251 retinentes,
1041 2180 1317 2241 Pontius
1366 2183 1717 2245 Telesinus
1770 2180 1934 2244 civis
1986 2199 2212 2244 eorum
2265 2177 2593 2253 ducebat,

575 2258 684 2353 yir
717 2260 894 2321 domi
927 2261 1219 2348 bellique
1255 2261 1641 2330 fortiffimus
1661 2307 1677 2339 ‚
1723 2277 1791 2328 et
1824 2263 2073 2347 magnis
2117 2262 2595 2335 certaminibus

576 2356 1003 2409 inveteratus·

251 2451 443 2506 Eodem
473 2466 523 2507 ee
698 2449 839 2513 VII.
901 2450 1143 2532 Igitur,
1204 2472 1404 2534 quum
1446 2470 1556 2511 res
1601 2446 1682 2522 ad
1723 2468 2038 2509 summum
2081 2447 2386 2509 timorem
2432 2468 2598 2531 spe-

201 2522 354 2603 Sylla
369 2540 549 2580 “ccur-
577 2543 819 2604 ctaret,
878 2533 1170 2615 urbsque
1210 2545 1348 2593 tota
1388 2532 1667 2593 tumultu
1710 2545 1777 2593 et
1820 2529 2211 2591 clamoribus
2250 2530 2599 2612 sequioris

195 2602 295 2645 m·
571 2612 930 2696 praecipue
987 2634 1181 2675 sexus
1230 2626 1662 2697 personaret,
1738 2613 1987 2696 primus
2044 2610 2122 2672 ab
2182 2611 2601 2694 imperatore

577 2693 757 2754 Sulla
807 2714 954 2756 cum
1007 2696 1444 2778 septingentis
1497 2694 1826 2777 equitibus
1870 2693 2066 2756 citato
2107 2711 2304 2754 cursu
2339 2692 2599 2755 Balbus

570 2773 817 2836 adfuit:
881 2777 995 2859 qui
1045 2790 1294 2837 tantum
1336 2790 1668 2849 moratus,
1733 2775 1945 2837 donec
2007 2774 2210 2838 sudor
2263 2794 2602 2858 equorum

570 2855 991 2929 consisteret,
1038 2857 1242 2919 statim
1280 2860 1521 2920 iterum
1556 2857 1807 2921 frenari
1846 2872 1962 2919 eo‘s
2003 2856 2214 2938 juss'it,
2259 2870 2325 2918 et
2363 2855 2444 2917 ad
2482 2855 2598 2919 di-

439 2977 458 2994 .«
565 2936 927 3000 stinendum
961 2939 1206 3002 bostem
1297 2939 1694 3001 recucurrit.
1779 2939 2048 3001 Interim
2084 2939 2297 3012 Sulla,
2343 2961 2413 2999 ra
2462 2939 2599 3000 tim

568 3022 862 3082 exercitu
915 3021 1146 3094 ducto,
1206 2964 1291 3082 ag
1334 3035 1591 3104 portam
1634 3021 1956 3083 Collinam
2007 3020 2182 3082 circa
2232 2961 2600 3082 meridiem

564 3104 904 3183 pervenit3
960 3102 1310 3187 castrisque
1347 3103 1426 3164 ad
1452 3103 1735 3167 Veneris
1773 3102 1991 3163 fanum
2019 3103 2284 3199 positia,
2329 3115 2401 3162 ut
2435 3103 2596 3187 qui-

570 3204 698 3265 que
738 3185 1015 3267 primum
1052 3185 1490 3257 advenerant,
1535 3184 1863 3268 prandere
1899 3185 2181 3256 milites»,
2227 3182 2467 3245 deinde
2517 3184 2599 3246 in

568 3264 775 3327 aciem
830 3266 1140 3330 adsistere
1194 3265 1390 3347 juffit.
1477 3269 1619 3331 ,Iam
1662 3268 1838 3332 enim
1882 3280 1949 3330 et
1981 3264 2196 3330 hostes
2232 3265 2310 3329 ad
2346 3266 2597 3332 urbem

569 3345 767 3411 castra
807 3349 1235 3412 metabantur.

257 3467 356 3519 Cui
384 3466 542 3519 duces
687 3454 857 3521 VIII.
918 3456 1017 3518 Ibi
1058 3453 1404 3519 Dolabella
1456 3468 1524 3519 et
1569 3459 1941 3543 Torquatus
1987 3476 2387 3544 magnopere
2428 3453 2590 3526 Sul-

199 3538 289 3587 sui
334 3552 541 3590 moram
567 3534 691 3596 lam
743 3534 1040 3599 obtestati
1084 3553 1270 3610 sunt,
1333 3558 1435 3610 ne,
1499 3537 1705 3618 laffatis
1754 3543 1951 3598 itinere
2000 3538 2299 3612 militibus,
2355 3544 2592 3619 patriae

193 3605 443 3660 ''mam'-
555 3617 791 3699 salutem
828 3623 888 3680 in
924 3624 1086 3682 unius
1114 3638 1329 3703 pugnae
1365 3618 1656 3680 discrimen
1693 3622 2072 3683 committeret.
2142 3620 2278 3682 Non
2310 3620 2587 3682 Marium

558 3720 627 3758 ex
660 3700 889 3779 adverso
926 3720 982 3761 et
1022 3700 1323 3774 Carbonem
1342 3743 1359 3774 ,
1419 3698 1802 3779 inimictffi'mos
1843 3699 2079 3762 homines
2095 3744 2112 3774 ,
2176 3701 2446 3761 Romanos
2483 3721 2587 3764 ta-

195 3757 206 3788 x
556 3797 710 3852 men,·
745 3780 848 3863 fi’d
880 3780 1237 3865 lamponium
1275 3802 1397 3843 cum
1425 3781 1666 3844 Lucanis
1686 3825 1704 3859 ,
1748 3780 1854 3865 sed
1892 3804 2012 3846 cum
2039 3781 2373 3870 Samnitibns
2411 3782 2586 3845 Tele..

625 3966 771 4038 Cap.
795 3970 873 4024 V.
910 3968 1066 4023 Plut.
1105 3946 1360 4044 Appian.
1400 3968 1566 4024 Flor.
1587 3970 1639 4038 3,
1671 3988 1757 4024 21.
1810 3971 1957 4053 Cap.
1980 3971 2085 4027 VI.
2119 3970 2274 4027 Plut.
2313 3969 2585 4043 Appian-

553 4033 708 4114 Plut3
764 4036 937 4091 Oros.
973 4040 1038 4106 5,
1078 4054 1166 4092 no.
1219 4037 1375 4094 Vell.
1411 4054 1477 4103 a,
1513 4055 1599 4110 27·
1649 4039 1780 4099 Liv.
1815 4041 1976 4117 Eput.
2026 4038 2182 4114 Plut.
2258 4040 2404 4117 Cap.
2437 4040 2584 4100 Vll.

553 4105 809 4198 Appian.
848 4105 1003 4163 Plut.
1056 4105 1317 4184 Appian·
1366 4105 1526 4166 Plut·
