2717 4667
421 284 573 381 244

1236 281 1788 358 EPITOME
1845 364 1858 378 ,Α

425 511 526 578 vit
550 537 574 580 .·

640 505 1201 603 proscriptorum
1255 509 1494 575 liberis
1537 509 1668 591 jus
1717 510 2189 597 petendorum
2246 506 2618 578 honorum

424 635 684 721 eripuit
705 681 736 719 „
781 642 850 698 et
886 633 1075 718 bona
1120 654 1372 700 eorum
1415 633 1782 704 vendidit.-
1850 657 1937 702 ex
1983 635 2240 722 quibus
2282 634 2617 718 plurima

421 757 656 846 primo
719 760 981 841 rapuit.
1071 757 1458 826 redactum
1523 768 1634 826 est
1696 765 2108 837 sestertium
2171 767 2282 826 ter
2346 757 2617 823 millies

424 884 887 973 quingenties,
995 884 1078 971 ρ.
1114 863 1536 952 Lucretium
1573 884 1922 970 Ofellam,
1972 884 2438 952 consulatum
2475 877 2618 944 od-

427 983 675 1078 versus
720 1007 1167 1074 voluntatem
1211 1028 1430 1102 suam
1473 1017 1705 1095 petere
1742 1029 2014 1078 ausum
2027 1058 2052 1094 ,
2109 1009 2339 1095 J'ussit
2378 1001 2625 1080 occidi

499 1230 597 1288 Ex
660 1227 845 1288 uibus
867 1229 1145 1304 plurima
1165 1230 1370 1302 primo
1388 1248 1488 1285 ra-

425 1303 590 1377 p'uit]
660 1300 860 1353 arber.
886 1310 944 1353 et
964 1298 1122 1353 Gud.
1143 1298 1368 1353 minor:
1410 1318 1490 1353 ea:

320 1399 354 1430 ι’
411 1370 655 1444 ‘quibus
712 1368 991 1439 plurima
1048 1369 1333 1439 praemia
1386 1385 1488 1422 ra-

425 1441 588 1515 puit.
626 1435 782 1517 Quid
810 1437 857 1491 si
880 1438 1166 1511 praemia
1199 1435 1486 1506 interpre-

427 1519 557 1561 tere
590 1505 875 1578 praedm,
913 1502 1263 1558 manubias?
1300 1503 1487 1557 Tacit.

432 1596 483 1630 ι.
527 1575 738 1640 Annal.
781 1576 944 1634 [16.]
991 1573 1292 1629 Mutatus
1319 1573 1488 1641 prin-

430 1662 571 1714 ceps
622 1643 949 1699 licentiam
1001 1640 1330 1697 turbarum
1350 1676 1368 1706 ‚
1425 1647 1490 1695 et

428 1731 511 1767 ex
552 1711 720 1768 bello
771 1710 945 1766 civili
980 1727 1150 1781 spem
1180 1710 1487 1779 praemio-

424 1799 568 1836 rum
603 1777 991 1835 ostendebat.
1047 1775 1208 1830 Idem
1250 1798 1295 1831 ι.
1345 1776 1484 1831 Hist.

344 1908 348 1916 ,
425 1851 515 1905 51.
558 1848 751 1903 Ferox
768 1844 1007 1920 praeda
1030 1845 1365 1920 gloriaque
1383 1864 1488 1900 ex-

425 1917 661 1971 ercitus
688 1913 1150 1987 expeditionem
1182 1923 1243 1969 et
1262 1917 1484 1980 aciem,

422 1984 712 2059 praemia
736 2001 924 2056 quam
948 1981 1265 2053 stipendia
1291 1981 1483 2038 male-

428 2055 562 2110 bat.
613 2051 726 2106 Ubi
755 2049 872 2104 viri
900 2048 1057 2105 docti
1085 2051 1353 2121 proelia,
1386 2050 1484 2104 alii

426 2139 602 2176 sensu
630 2117 877 2192 ¹quidem
910 2116 1278 2189 deprehenso
1306 2137 1485 2189 prae-

426 2189 576 2246 dam
593 2188 872 2242 maluere.
913 2187 1031 2241 Sed
1037 2190 1331 2271 praemia
1351 2197 1486 2241 sunt

422 2255 716 2330 praedae,
765 2273 907 2337 quas
941 2254 1054 2329 ipsi
1090 2275 1198 2310 suo
1232 2254 1482 2310 arbitrio

469 2325 616 2380 lenis
663 2325 929 2378 manibus
975 2336 1289 2398 raperent,
1351 2343 1485 2381 cum

422 2346 708 2467 Ripendia
753 2392 1092 2465 acciperent
1136 2394 1365 2460 aliene,
1425 2403 1485 2447 et

341 2515 344 2522 Α
422 2463 699 2536 maligne.
782 2463 903 2516 Nec
954 2463 1125 2517 aliter
1167 2462 1483 2517 Petronius

425 2539 587 2605 [cap.
615 2533 743 2591 8o.]
794 2530 1139 2617 Egreditur
1179 2531 1513 2603 superbus'

423 2621 565 2659 cum
622 2618 905 2671 praemio
952 2600 1258 2672 AscyltoS.
1330 2600 1484 2653 Hinc

419 2669 770 2744 praemiari
789 2669 1035 2723 Sueten.
1077 2671 1138 2723 in
1158 2670 1292 2723 Tito
1324 2673 1483 2739 [cap.

419 2746 501 2807 7.}
533 2738 653 2794 Sus
697 2744 834 2792 ecta
862 2744 924 2793 et
947 2739 1293 2809 rapacitas,
1316 2734 1484 2808 quod

418 2813 633 2862 consta
682 2811 751 2859 at
781 2807 849 2860 iu
876 2823 1034 2877 cogn
1049 2806 1343 2864 'tionibus
1369 2824 1481 2880 pa-

419 2874 537 2930 tris
549 2870 893 2929 nundinari
905 2893 1019 2946 pra
1063 2876 1371 2949 miarique
1384 2893 1482 2931 so-

418 2940 630 2998 litum.
669 2942 741 2994 Et
756 2944 1040 3015 praemia
1049 2951 1212 2999 tores
1229 2951 1481 2999 noctur-

414 3029 531 3067 nos
583 3008 830 3082 explicat
876 3009 1208 3083 praedones
1254 3012 1479 3066 Nonius

415 3096 452 3134 a
498 3077 577 3131 ud
605 3079 886 3132 Laevium
911 3080 1363 3150 Ἀγρυπνοῦσιν.
1421 3082 1476 3135 J.

414 3096 534 3204 Fit
554 3147 781 3228 QRON.
795 3150 1161 3228 Praemium
1178 3167 1289 3221 pro
1309 3165 1480 3221 prae·

416 3214 494 3270 da
520 3226 695 3270 etiam
719 3215 1107 3272 hahetLivius
1135 3220 1188 3284 3,
1205 3220 1295 3273 61.
1316 3217 1482 3276 Sibi-

414 3292 548 3341 met
576 3286 730 3370 ipsis
764 3288 1035 3348 victuros
1056 3323 1074 3355 ‚
1112 3306 1234 3342 non
1266 3294 1339 3343 ut
1374 3284 1477 3342 de-

413 3372 825 3411 cemvirorum
846 3356 1107 3411 victores
1121 3356 1476 3427 praemium

410 3430 637 3480 essent.
696 3442 760 3492 9,
808 3427 899 3489 4ο.
964 3425 1182 3480 Ditem
1233 3422 1475 3479 hostem

410 3492 697 3562 quamvis
711 3493 1010 3566 pauperis
1027 3493 1278 3549 uictoris
1296 3510 1475 3558 prae-

408 3561 613 3616 mium
643 3578 794 3617 esse.
830 3569 890 3613 et
916 3560 1005 3626 36,
1041 3579 1123 3627 17.
1165 3563 1377 3632 Neque
1397 3578 1473 3615 ea

343 3655 348 3662 ·
408 3635 661 3684 tantum
700 3630 767 3685 in
805 3630 1157 3701 praemium
1203 3638 1473 3687 vestrum

410 3714 699 3764 cessura,
752 3714 913 3771 quae
956 3717 1118 3769 nunc
1165 3701 1231 3755 in
1274 3698 1473 3770 regiis

411 3766 639 3821 castris
665 3773 844 3832 sunt,·
878 3764 989 3821 sed
1017 3766 1204 3822 illum
1232 3785 1350 3841 quo
1396 3785 1471 3822 ue

412 3852 653 3889 omnem
684 3843 1084 3906 apparatum,
1125 3836 1316 3905 quiin
1383 3836 1472 3891 ies

411 3901 490 3956 ab
506 3894 745 3973 Epheso
757 3921 868 3957 eaes
914 3911 1180 3970 ectatur,
1194 3904 1472 3976 praedae

393 3969 722 4043 futurum.
770 3972 823 4023 D
899 3973 947 4024 ί.
1009 3972 1192 4045 Vulga
1222 3987 1240 4028 t
1267 3994 1317 4026 m
1351 3989 1471 4027 ser-

406 4048 548 4092 vant
573 4038 734 4093 Voss'.
766 4041 943 4110 Berg.
977 4043 1122 4095 Lov.
1155 4060 1203 4095 2.
1236 4036 1466 4098 Boend.

408 4116 469 4159 et
496 4104 589 4161 ed.
618 4106 825 4179 Camp.
865 4111 1003 4177 Ejus
1038 4119 1231 4162 autem
1264 4122 1472 4166 auctor

408 4173 615 4233 exstitit
632 4176 925 4232 Gruterus
940 4197 962 4245 3
1001 4194 1180 4250 quum
1210 4190 1383 4236 antea
1411 4197 1467 4235 e-

1522 3237 1526 3246 ’
1548 3239 1612 3279 sa
1643 3219 1876 3292 vulgata
1908 3218 2005 3273 est.

2054 1159 2057 1166 ‹
2148 1141 2153 1170 f

1556 1228 1824 1297 deretur,
1863 1249 1945 1286 ex
1973 1227 2199 1303 quibus
2223 1227 2426 1298 primo
2452 1222 2631 1281 mul·
2708 1231 2710 1240 '

1558 1307 1626 1354 ta
1661 1300 1911 1373 rapuit,
1973 1295 2418 1350 concinentibus
2468 1295 2625 1346 Exc.

1555 1367 1812 1437 Pithoei,
1840 1377 1898 1421 et
1916 1367 2098 1420 Norv.
2137 1368 2215 1420 V.
2242 1361 2315 1418 ad
2332 1363 2495 1435 Epit.
2514 1363 2630 1417 80.

1559 1435 1851 1493 Gronovii
1917 1433 2220 1489 codicibus
2288 1430 2637 1500 adsentitur

1556 1504 1721 1559 Leid.
1760 1505 1937 1558 Recte
1958 1514 2149 1557 autem
2166 1501 2452 1574 praemia
2469 1499 2631 1553 Gro-
2700 1496 2710 1554 ’.

1557 1573 1768 1627 novius
1801 1572 2067 1655 exposuit
2091 1569 2373 1645 praedas,
2410 1585 2637 1620 manu.-
2708 1603 2710 1636 3

1555 1642 1708 1696 bias,
1758 1642 1956 1696 Livius
1987 1642 2048 1696 31
2071 1678 2089 1705 ,
2122 1642 2209 1695 «28.
2273 1638 2493 1702 Urbes,
2545 1654 2637 1692 ne
2708 1671 2710 1698 ÷

1557 1712 1748 1767 classi
1764 1710 2038 1767 hostium
2053 1704 2325 1781 praedae
2343 1724 2416 1761 ac
2431 1723 2637 1779 prae·
2708 1707 2710 1744 ἵ

1555 1782 1684 1835 mio
1703 1787 1923 1845 essent,
1946 1777 2167 1834 diruit.
2208 1774 2364 1831 Vide
2384 1773 2638 1828 Brou‘k-

1555 1849 1686 1902 hus,
1724 1846 1799 1901 ad
1828 1846 2045 1901 Tibull.
2072 1866 2120 1907 ι,
2148 1865 2202 1912 2,
2223 1848 2308 1901 26.
2346 1847 2407 1897 et'
2433 1841 2640 1897 Viros

1557 1915 1761 1970 doctos
1799 1914 1872 1972 ad
1900 1918 2141 1970 Petron.
2183 1931 2233 1967 c.
2266 1914 2356 1968 80.
2401 1921 2463 1964 et
2500 1913 2638 1967 Na-

1556 2003 1684 2039 son.
1708 1989 1761 2040 5.
1793 1985 1937 2038 Fast.
1961 1989 2080 2050 ποί..
2104 1980 2394 2036 Gronovii
2417 1996 2640 2034 emen·
2708 1977 2710 2048 Ι

1556 2053 1716 2108 datio
1765 2071 1885 2106 non
1934 2050 2215 2107 satisfacit
2258 2048 2588 2105 Crevier-io
2611 2068 2634 2116 3
2708 2059 2710 2102 ξ

1555 2123 1654 2195 qui
1678 2122 1970 2188 existimat,
2011 2121 2259 2174 sortasse
2280 2116 2510 2190 aliquid
2534 2117 2638 2170 in-
2708 2127 2710 2132 '

1552 2190 1891 2257 tercidisse‚
1932 2199 1999 2244 ut
2023 2188 2183 2243 Sulla
2213 2188 2400 2242 dictus
2429 2186 2637 2240 fuerit

1554 2261 1808 2333 plurima
1835 2260 2030 2333 primo
2057 2256 2320 2329 rapuisse
2337 2294 2354 2323 ,
2398 2253 2638 2309 deinde

1555 2338 1752 2383 cetera
1782 2329 1841 2382 in
1866 2326 2168 2399 publicum
2188 2324 2511 2397 redegisse.
2555 2325 2639 2377 Iu
2708 2391 2710 2394 Ι

1552 2396 2045 2471 praecedentibus
2072 2392 2486 2470 petendorum
2508 2392 2638 2449 'bo-

1553 2487 1773 2523 norum
1818 2482 2133 2537 operarum
2177 2478 2383 2516 errore
2428 2458 2641 2515 edidit

1551 2533 1889 2602 Doujatiusz
1928 2551 2035 2587 nec
2070 2532 2240 2586 aliter
2265 2540 2464 2585 tamen
2484 2530 2639 2585 Cle-

1551 2604 1710 2658 ricus
1742 2614 1800 2657 et
1826 2601 2188 2659 Crevierius.
2258 2602 2262 2606 ⁴
2708 2611 2710 2616 '

1758 2681 1771 2706 f

1618 2737 1971 2796 Redactum
2002 2745 2098 2796 est
2126 2737 2490 2795 sestertium
2524 2745 2642 2794 ter
2708 2757 2710 2762 ·

1549 2808 1762 2865 milies
1795 2809 2329 2882 quingentiesque.
2377 2806 2642 2862 Lucre·

1549 2878 1602 2933 ti
1608 2896 1712 2949 um
1731 2875 2035 2937 Asellam]
2071 2874 2333 2930 Emendo
2353 2881 2453 2928 ter
2471 2877 2608 2931 mil
2621 2909 2641 2919 ·

1547 2944 1666 3001 lies
1734 2946 2108 3020 uingenties.
2153 2943 2224 3020 Q.
2244 2942 2639 2999 Lucretium

1553 2964 1856 3085 Ofellam.
1906 3015 2143 3067 Etenim
2180 3011 2481 3085 Appianus
2524 3017 2551 3072 [
2573 3031 2635 3066 ι.

1547 3084 1680 3139 civ.
1711 3084 1873 3151 4¹3⁰]
1927 3081 2178 3138 Κόϊντον
2220 3079 2641 3146 Λουκρήτιον

1540 3150 1855 3224 Ὀφέλλαν
1871 3150 2031 3203 nomi
2075 3161 2152 3204 at.
2188 3148 2428 3204 Erroris
2450 3166 2645 3204 caus-
2708 3167 2710 3176 ·

2088 3220 2295 3275 IGON.
2336 3225 2434 3273 ter
2466 3216 2639 3274 mil-
2708 3277 2710 3280 ,

1546 3292 1666 3349 lies
1684 3289 2217 3364 quingentiesque.
2237 3286 2637 3343 Lucretium

1546 3361 1723 3433 (quae
1749 3372 1924 3411 voces
1953 3355 2160 3410 desunt
2184 3356 2243 3409 in
2262 3355 2639 3420 Voss'.)-ser..

1544 3437 1685 3484 vant
1702 3424 1866 3511 beid.
1888 3427 2065 3497 Berg.
2088 3436 2147 3479 et
2162 3421 2391 3509 Bpend.
2426 3426 2637 3497 quin·

1540 3492 2633 3637 {ffssigsssszuss’zssi‘ssiissiimvf‘335⁸.21

1540 3634 1630 3699 32,
1661 3651 1717 3702 7.
1769 3631 2087 3686 Praeterea
2120 3628 2400 3696 Asellam
2430 3628 2631 3684 Leid-

1541 3708 1601 3756 et
1625 3702 1802 3774 Bcrg.
1837 3698 2108 3757 Asillam
2141 3700 2284 3754 Lov.
2307 3718 2359 3753 2.
2397 3699 2639 3756 Assel-

1541 3769 1674 3825 lam
1692 3772 1869 3839 Berg.
1888 3766 2210 3840 Aufellam
2229 3766 2386 3822 Voss'.
2409 3762 2600 3839 Offel

1542 3837 1676 3894 lam
1695 3836 1790 3892 ed.
1810 3840 2014 3909 Camp.
2036 3836 2088 3891 A
2119 3834 2314 3891 ellam
2331 3834 2643 3906 reliquae

1541 3905 2017 3980 edd.principes.
2098 3943 2113 3959 .
2137 3901 2210 3958 ad
2223 3903 2378 3977 Epit.
2397 3919 2637 3977 praec-

1613 4044 2021 4101 Consulatum
2055 4050 2275 4098 contra
2311 4036 2646 4116 volunta..

1542 4121 1668 4170 tem
1693 4132 1875 4169 suam
1900 4119 2110 4183 petere
2130 4122 2375 4171 ausum,
2399 4110 2653 4178 jussit

1538 4182 1844 4243 interimi]
1882 4178 2179 4236 adversus
2207 4174 2648 4238 voluntatem
