2717 4667
31 4033 34 4088 l

187 163 1222 250 FRE1Nsn.sanL.Lm.Lx1.
1240 181 1325 246 m
1336 176 1998 258 noeuxcvtmv.
2040 170 2154 240 35·

183 408 327 449 eum
362 388 618 449 duobus
650 387 1024 450 consulibus
1054 393 1457 469 comparatus
1484 405 1649 446 unus
1678 387 2013 469 gladiator.
2070 391 2158 451 Et
2209 389 2354 452 (Le.
2374 386 2499 450 ⁶80.

176 471 472 565 priorem
523 471 788 553 quidem
817 470 1158 530 Lentulum
1197 466 1447 548 abegit,
1507 486 1781 552 eumque
1832 467 2051 531 eastris
2090 484 2158 534 et
2209 460 2485 530 A.G.72.
2570 489 2577 502 ·

179 552 667 634 impedimentis
698 551 992 614 omnibus
1022 550 1195 611 exuit
1216 549 1283 609 in
1302 548 1680 631 Apennino:
1724 551 1983 623 deinde,
2010 573 2158 615 ver-

179 632 289 692 sus
326 631 752 702 iri-Gellium,
810 652 1184 715 quamquam
1222 650 1367 693 eum
1407 649 1485 690 eo
1527 649 1595 690 se
1635 631 1713 712 Q.
1739 633 1972 696 Arrius
2008 654 2163 695 eon-

175 714 511 796 junxerat‚
557 728 896 798 utrumque
941 714 1193 774 collatis
1241 711 1446 795 signis
1484 710 1661 773 vicit.
1743 711 1891 776 Post
1933 713 2166 778 horum

177 796 424 877 sugam,
472 810 540 858 ut
563 797 871 856 Romanis
900 792 1287 867 ostenderet,
1333 791 1544 854 eidem
1582 793 1863 856 ludibrio
1898 809 1963 857 et
1991 795 2166 881 ipsos

184 878 509 938 obnoxios
552 878 680 939 ess'e
714 877 929 961 poss‘e,
984 897 1105 958 per
1137 873 1311 958 quod
1349 871 1621 936 aliorum
1653 875 1982 937 hominum
2020 900 2166 939 san-

186 959 389 1099 guine
422 972 548 1020 tam
580 959 947 1020 immaniter
973 956 1431 1032 abuterentur3
1474 975 1595 1038 per
1620 958 1886 1020 cauffam
1911 959 2169 1042 placan-

240 1060 421 1100 orum
454 1040 631 1102 Crixi
669 1042 981 1112 manium,
1025 1038 1215 1100 simul
1258 1037 1583 1118 eujusdam
1620 1054 1948 1101 matronae
1979 1040 2170 1103 nobi-

183 1121 308 1193 lis,
360 1141 523 1204 quae
558 1144 590 1181 a
623 1121 920 1205 fugitivis
956 1140 1076 1203 per
1110 1120 1237 1180 vim
1277 1118 1548 1202 stuprata
1588 1120 1715 1182 sibi
1747 1143 1968 1183 manus
1999 1122 2171 1186 intu-

185 1202 390 1275 lerat,
434 1217 762 1264 trecentos
799 1216 905 1264 aut
935 1200 1442 1286 quadringentos
1473 1222 1550 1262 ex
1582 1203 1852 1285 captivis
1877 1203 2169 1267 delectos

186 1284 366 1344 eirca
405 1304 631 1367 rogum
670 1283 840 1364 juffit
875 1284 1068 1344 armis
1103 1282 1496 1368 depugnare.
1569 1286 1839 1346 Ceteros
1868 1285 1947 1346 ad
1973 1306 2172 1347 unum

186 1385 419 1427 omnes
451 1365 821 1443 interfecit3
865 1364 1341 1448 impedimenta,
1367 1378 1627 1448 praeter
1646 1366 1991 1427 neeess'aria
2010 1389 2168 1452 pau-

186 1467 262 1509 ca
280 1446 608 1588 ΞΓ3311)(ὶὶῑο
642 1449 795 1531 igne
831 1447 1175 1544 cremavit,
1223 1466 1352 1531 quo
1397 1446 1553 1509 ess‘et
1597 1446 1678 1509 ad
1710 1446 2012 1511 destinata
2055 1470 2165 1512 ex-

185 1548 275 1616 pe
325 1543 502 1589 ltlor.

311 1659 421 1723 IV.
485 1662 679 1732 Nam,
741 1678 827 1721 ne
886 1657 1042 1743 quid
1103 1657 1510 1742 indignitatis
1560 1658 1844 1734 abess'et,'
1896 1658 1980 1722 de
2022 1660 2044 1720 i
2095 1681 2163 1723 sa
2220 1663 2536 1720 Deus-bein·

187 1740 358 1801 urbe
399 1744 598 1802 Roma
647 1739 1004 1803 invadenda
1055 1739 1473 1805 deliberabat.
1556 1746 1783 1838 Neque
1837 1743 1981 1803 leve
2074 1744 2162 1805 is·
2185 1735 2428 1816 “fam“
2447 1734 2534 1789 ‘⁸‘-

193 1823 432 1885 crimen
478 1838 653 1893 erat,
699 1843 892 1906 quum
928 1843 1153 1905 agmen
1190 1836 1446 1884 eentum
1475 1823 1541 1884 vi
1587 1823 1707 1888 inti
1735 1824 2004 1885 millium
2033 1839 2164 1887 tra·-
2185 1805 2407 1858 '‘un“

196 1899 409 1965 beret:
477 1926 664 1986 quam
713 1925 853 1964 uam
902 1906 1098 1987 vulgo
1144 1904 1493 1988 repudiare
1536 1843 1850 1987 fingitivos
1895 1906 2163 1981 solitus,

195 2003 466 2066 quorum
503 1987 582 2047 ad
615 1987 639 2048 i
716 2006 817 2046 um
838 2027 856 2061 ,
904 1987 962 2048 si
991 1984 1483 2070 reciperentur,
1524 1986 1831 2047 maximus
1857 2008 2165 2051 numerus

189 2067 524 2128 transibat.
606 2071 634 2129 1
720 2069 859 2130 irco
916 2065 1045 2127 duo
1099 2066 1430 2139 eonsules,
1493 2068 1731 2149 junctis
1786 2068 2036 2153 copiis,
2094 2068 2166 2130 in

101 2150 118 2172 ‘
185 2167 354 2229 agro
378 2150 625 2210 Piceno
665 2150 727 2212 ei
762 2162 1208 2211 occurrerunt.
1284 2149 1417 2211 Sed
1468 2150 1615 2222 ille,
1675 2150 1833 2212 licet
1875 2171 1983 2212 eas
2032 2169 2164 2211 ma-

181 2249 312 2371 gna
359 2230 541 2292 clade
583 2229 1014 2314 profligass'et,
1075 2229 1156 2292 ad
1199 2231 1425 2292 urbem
1469 2228 1710 2293 ducere
1753 2251 1883 2293 non
1926 2230 2012 2294 est
2051 2253 2165 2293 au-

211 2313 331 2372 'usz
391 2313 539 2394 quia
582 2312 863 2374 nondum
905 2312 969 2374 ei
1012 2313 1166 2373 satis
1205 2333 1355 2374 suae
1394 2313 1575 2376 vires
1605 2312 1977 2396 placebant,
2035 2331 2160 2377 nee

181 2394 544 2454 exercitum
593 2394 797 2455 adhue
844 2414 925 2454 ex
968 2395 1286 2456 sententia
1338 2415 1451 2454 sua
1498 2407 1995 2477 perarmaverat.
2048 2395 2162 2458 alii

181 2495 450 2559 quoque
487 2489 825 2571 apparatus
862 2475 1161 2538 deerant:
1223 2497 1417 2559 quum
1453 2475 1690 2536 nullius
1727 2475 2007 2538 civitatis
2038 2496 2161 2559 pof-

177 2556 410 2639 pulive
449 2557 720 2630 auxilio,
765 2556 882 2620 sed
916 2571 1158 2619 tantum
1192 2557 1578 2641 corporibus
1615 2556 2037 2640 fugitivorum
2067 2570 2163 2620 at-

179 2658 316 2722 que
358 2657 823 2713 convenarum,
869 2651 1184 2702 uteretur.

305 2784 392 2846 V.
435 2787 613 2869 Ergo
633 2830 650 2861 ,
692 2800 763 2848 ut
797 2809 969 2851 arma
1003 2803 1347 2876 ceteraque
1383 2789 1566 2852 bello·
1595 2798 1956 2873 opportuna
1984 2805 2162 2850 eom·

177 2880 478 3009 {March
524 2868 853 2931 Thurinos
896 2887 1146 2936 montes
1195 2871 1433 2935 stativis
1469 2873 1679 2934 locum
1712 2871 1907 2953 cepit.
1972 2870 2162 3011 oppi-

234 2968 342 3008 um
391 2970 511 3032 pro
560 2949 800 3012 horreo
858 2973 1075 3014 rerum
1130 2955 1414 3017 omnium
1462 2953 1716 3015 habuit:
1776 2951 1990 3014 vicina
2058 2965 2162 3014 ate

173 3030 577 3114 populando,
621 3053 655 3093 a
686 3037 1158 3098 mercatoribus
1192 3035 1485 3118 injuriam
1519 3054 1769 3096 omnem
1801 3032 2158 3118 prohibuit,

173 3114 538 3198 praecipue
581 3114 693 3197 qui
737 3136 845 3177 aes
888 3129 954 3178 et
991 3116 1241 3179 ferrum
1282 3117 1611 3186 vendituri
1654 3116 1974 3200 venirent.
2049 3134 2158 3176 eas

174 3214 295 3254 res
336 3214 482 3255 care
515 3196 954 3258 mercabatur=
1016 3219 1239 3261 aurum
1281 3213 1745 3284 argentumque
1779 3195 2155 3280 importari,

174 3289 291 3338 aut
331 3274 742 3360 importatum
778 3280 905 3341 emi
936 3301 973 3340 a
1004 3281 1136 3342 suis
1159 3323 1177 3357 ,
1223 3301 1458 3344 severo
1498 3280 1713 3343 edicto
1748 3291 2064 3343 vetuerat.

306 3422 419 3487 VI.
471 3424 643 3484 Dum
687 3423 757 3487 in
799 3427 977 3488 Italia
1016 3426 1187 3489 hune
1230 3428 1310 3489 ad
1351 3427 1613 3491 modum
1657 3439 1972 3500 certatur,
2034 3423 2152 3486 Hi·
2216 3423 2453 3509 ιςξνθονίί

176 3505 472 3587 spaniam
510 3528 546 3566 a
585 3507 884 3569 Sertorio
930 3512 1132 3592 magis
1170 3510 1445 3571 alienum
1488 3510 1738 3582 scelus,
1799 3530 1986 3593 quam
2020 3512 2151 3571 Ro·
2179 3505 2375 3551 “m‘'-

173 3607 519 3648 manorum
559 3589 660 3650 vis
695 3609 768 3651 ac
802 3589 1040 3664 robur,
1085 3591 1456 3656 vindicavit.
1539 3594 1696 3652 Erat
1729 3590 1843 3651 ille
1880 3590 2002 3670 jam
2024 3633 2042 3665 ,
2083 3602 2156 3652 ut

176 3667 499 3742 diximus,
544 3670 839 3735 infensus
873 3672 1245 3757 invisusque
1329 3673 1662 3755 let-isque,
1707 3672 1880 3756 quod
1925 3671 2163 3757 depre-

173 3748 414 3812 hensas
460 3765 570 3814 aut
608 3753 890 3816 ereditas
926 3754 999 3815 in
1034 3775 1106 3817 se
1145 3775 1267 3817 eon
1299 3755 1657 3841 pirationes
1696 3754 2007 3848 atrociter
2038 3775 2162 3838 pu-

246 3939 397 4012 Cap.
426 3940 747 4023 III.·Oros.
781 3941 934 3996 Plut.
969 3940 1207 4023 qur.3,
1236 3959 1322 3999 ao.
1361 3937 1668 4018 Lim-Epit.
1705 3936 1959 4064 Appiam
1991 3938 2158 3998 Flor.

170 4008 359 4064 Oros.
405 4007 658 4081 Appian.
709 4011 882 4068 Oros.
926 4007 1016 4082 Ap
1065 4029 1181 4065 tan.
1255 4011 1403 4082 Cap.
1436 4011 1540 4065 lv.
1592 4009 1755 4064 Flor.
1842 4026 2043 4084 ppian.
2083 4009 2162 4065 0-

169 4094 302 4133 ros.
343 4077 594 4151 Appian.
669 4079 816 4152 Cap.
848 4078 955 4138 vl.
1044 4078 1159 4136 lor.
1192 4080 1247 4147 3,
1280 4096 1369 4136 υ.
1407 4079 1582 4134 Oros.
1614 4082 1668 4148 5,
1706 4079 1792 4151 23.
2152 4104 2157 4110 ·
