2717 4667
997 77 1028 86 x

741 231 1123 308 LIBRI

1185 183 1569 311 Lxxxlx.
2114 242 2261 345 247

139 439 306 546 ptam
342 441 592 530 diceret
610 513 652 549 ,‚
704 466 949 550 itaque
991 482 1067 530 se
1112 465 1510 546 transfodit
1527 461 1557 551 ,⁴
1616 473 1683 533 et
1727 469 2081 557 sanguine
2127 487 2264 537 suo

132 585 293 667 fores
325 591 563 655 uxoris
610 589 1006 673 respersit&
1076 589 1284 656 Sulla
1320 593 1586 659 Nolam
1628 596 1704 659 in
1738 593 2039 661 Samnio
2077 609 2269 660 rece-

53 665 66 822 ζ
140 714 233 796 pit.
276 712 749 804 quadraginta
801 722 1068 802 septem
1118 718 1426 805 legiones
1466 722 1541 786 in
1587 739 1803 808 agros
1848 728 2099 806 captos
2146 711 2305 787 ‹ie-⁸

55 839 56 842 ’
146 834 343 922 duait,
384 846 452 905 et
500 859 624 907 eos
669 843 759 907 iis
804 839 1063 909 divisit.

1175 842 1875 933 Volaterrasfquod
1925 845 2268 933 oppidum

142 960 335 1029 adhuc
369 966 439 1030 in
475 967 711 1032 armis
749 976 947 1052 erat,
998 967 1421 1056 obsessum,
1473 974 1545 1037 in
1589 970 2026 1039 deditionem
2068 993 2268 1038 acce-

133 1089 225 1173 pit.
290 1090 687 1188 Mitylenae
738 1113 1020 1180 quoque
1063 1094 1135 1160 in

135 1315 226 1358 tum
251 1306 325 1364 acl
351 1312 660 1381 posticum
697 1312 1010 1383 praeferre
1042 1311 1140 1367 de·

132 1375 279 1429 beret.
313 1380 451 1434 Eam
478 1389 675 1433 tamen
707 1379 1141 1436 distinctionem

132 1461 222 1497 non
236 1445 324 1497 ubi
369 1464 436 1499 ue
456 1448 831 1502 observatam
852 1453 983 1517 ess'e,
1005 1468 1141 1504 con-

67 1575 68 1578 *
130 1512 210 1564 stat
231 1529 289 1565 ex
315 1516 352 1569 il
378 1517 454 1581 is,
493 1534 644 1587 quae
672 1518 942 1573 Gronov.
976 1529 1142 1573 notat

130 1578 186 1634 ad
196 1580 321 1634 Livii
337 1591 422 1651 4ο,
440 1602 493 1646 2,
511 1604 560 1637 α.
587 1584 862 1638 Ceterum
873 1589 1141 1643 Bastiae

130 1648 279 1719 gentis
322 1652 674 1705 mentionem
712 1652 851 1706 alibi
891 1674 1010 1708 non
1044 1671 1135 1708 re-

127 1715 279 1787 perio.
340 1723 540 1791 Neque
590 1719 823 1775 codices
870 1723 1135 1788 variant,

127 1785 213 1837 nisi
297 1788 366 1842 od
377 1790 647 1844 Hastiae
670 1788 826 1873 legat
837 1789 1001 1846 Leid.
1021 1794 1137 1847 Ve-

128 1871 230 1905 rum
274 1859 392 1924 ujus
406 1855 587 1911 etiam
604 1868 791 1926 gentis
810 1860 1000 1914 nullus
1022 1878 1136 1912 me-

132 1921 281 1989 minit,
315 1925 423 1979 nisi
456 1926 772 1997 inscriptio
805 1928 846 1982 l-.
865 1932 957 1985 30.
978 1931 1042 1983 Ο.
1063 1928 1136 1982 de

131 1990 364 2049 Eviction.
419 2011 574 2067 quae
618 1995 754 2050 data
791 1998 866 2051 est
907 1996 1135 2051 cuidam

128 2059 323 2117 Hastio.
379 2064 472 2116 An
499 2061 682 2134 igitur
709 2083 777 2119 ex
804 2066 976 2120 unius
996 2063 1132 2120 cod.

125 2128 334 2202 vestigiis
361 2131 473 2184 hoc
504 2133 643 2189 loco
675 2131 984 2208 legendum
1014 2137 1135 2192 Ho-

122 2198 251 2252 stiae
277 2202 489 2256 uxoris
512 2202 541 2259 2

170 2333 464 2394 Admissus
482 2358 608 2394 non
627 2347 739 2405 est,
774 2341 922 2409 quia
942 2339 1135 2397 illum

117 2407 492 2476 proscriptum
528 2405 790 2469 diceret]
822 2407 1135 2466 admissus

117 2474 332 2529 minime
358 2483 453 2529 est
475 2476 659 2532 NorV.
697 2487 756 2531 et
786 2495 988 2531 omnes
1018 2478 1131 2531 ser·

116 2558 186 2593 me
200 2543 334 2612 typis
351 2542 635 2615 descripti
654 2556 786 2599 ante
808 2545 1130 2618 Sigonium,

118 2610 193 2689 Qui
217 2631 355 2678 non,
390 2629 507 2680 pro
536 2615 822 2679 minime,
864 2613 1132 2668 emenda·-

115 2690 204 2732 vu:
252 2681 405 2752 quod
457 2683 720 2751 probant
760 2682 925 2736 Leid.
972 2684 1131 2737 Voss'.

114 2747 255 2831 Βᾶτε.
286 2751 489 2806 Lovel.
519 2769 573 2805 α.
607 2750 835 2805 Boend.
873 2753 1009 2806 Exc.
1041 2750 1133 2804 Pi·

116 2815 268 2886 thom,
304 2830 361 2872 et
394 2818 494 2873 ed.
533 2820 737 2891 Camp.
777 2823 854 2874 V.
881 2818 955 2873 ad
971 2819 1129 2891 Epit.

115 2886 177 2956 49.
207 2886 428 2943 Deinde
455 2887 741 2945 dicerent
761 2886 927 2943 Leid.

166 3024 231 3078 Et
249 3031 359 3081 sah
411 3026 560 3082 uine
585 3026 884 3098 suasores
901 3045 967 3081 re
1042 3045 1132 3084 er·

117 3091 334 3152 sitJVet.
390 3096 478 3148 ib.
515 3098 735 3151 uxoris
751 3095 953 3166 sores·
1036 3096 1136 3149 IG.

114 3158 237 3213 idem
275 3172 474 3218 tamen
498 3162 773 3235 Sigonius
805 3164 865 3218 in
899 3176 1133 3220 contex-

117 3236 205 3281 tum
235 3234 465 3307 recepit
485 3232 663 3305 fores
695 3233 943 3300 uxori53
978 3230 1138 3308 quod

115 3313 200 3375 npn
227 3309 449 3356 tantum
481 3311 791 3355 servarunt
825 3318 955 3353 eum
977 3319 1137 3374 seeu-

118 3367 417 3437 ualitates,
461 3386 669 3425 verum
701 3369 877 3424 etiam
906 3370 1138 3424 firmant

114 3430 240 3490 Leid.
260 3442 419 3494 Voss’.
451 3441 630 3510 Berg.
650 3441 795 3500 Lov.
817 3456 870 3493 α.
888 3440 1025 3494 Ειο.
1042 3438 1135 3492 Pi-

114 3500 251 3569 uoci,
282 3519 342 3561 et
359 3508 461 3564 ed.
481 3510 684 3579 Camp.
728 3509 981 3578 Insuper
998 3527 1137 3564 san·

113 3574 438 3648 guinvfuso
467 3580 646 3648 Berg.
700 3580 895 3631 Voces
921 3576 1023 3630 has
1054 3575 1136 3628 in-

116 3639 304 3697 terdum
336 3645 398 3699 in
432 3644 590 3702 Mstis
622 3643 941 3707 confundi,
996 3661 1132 3698 con-

114 3708 185 3764 stat
220 3732 282 3838 eg
322 3714 483 3781 illis,
540 3731 689 3788 quae
737 3723 1019 3770 notantur
1063 3712 1140 3768 ad

117 3794 182 3844 ¹0,
215 3800 242 3835 2
289 3822 307 3850 2
355 3804 444 3839 12·

159 3917 326 3975 Sulla
369 3917 602 3979 Nolam
642 3921 709 3976 in
738 3920 996 3980 Samnio
1043 3939 1136 3980 re-

117 3989 262 4055 cepit]
285 3989 421 4042 Non
444 3999 563 4042 tam
581 3991 649 4044 in
666 3990 946 4056 Samni0‚
965 4008 1137 4062 quam

116 4068 141 4104 α
162 4055 575 4126 Samnitibus,
711 4057 727 4110 i
765 4060 1133 4114 invaserant.

117 4118 265 4196 Supra
290 4126 401 4183 lib.
436 4128 528 4198 73.
566 4129 620 4184 J·
693 4129 768 4188 R.
788 4128 1131 4187 GRONOV.

1176 1095 1359 1162 Asia
1377 1145 1402 1181 ,
1455 1114 1643 1184 quae
1683 1100 1844 1166 sola
1894 1097 2068 1164 urbs
2104 1105 2270 1183 post

1211 1312 1399 1370 Sulla
1442 1321 1577 1369 tam
1623 1316 1688 1370 in
1716 1314 1975 1371 Samnio
1991 1313 2140 1382 OExc.
2175 1314 2269 1369 Pi-

1211 1381 1394 1438 thoei.
1421 1403 1457 1438 a
1478 1383 1873 1439 Samnitibus
1892 1384 2152 1438 Clericus
2176 1402 2270 1438 re·

1211 1468 1277 1503 ce
1325 1450 1404 1515 it,
1463 1451 1622 1523 quod
1658 1450 1717 1503 in
1746 1450 1910 1506 Leid.
1960 1470 2269 1523 superesse

1210 1519 1268 1572 vi
1311 1529 1465 1573 etur.
1496 1519 1753 1576 inSamr
1776 1540 1829 1578 ιι
1858 1530 2096 1574 tuentur
2113 1521 2270 1576 Voff.

1208 1587 1354 1642 Lov.
1386 1607 1437 1642 2.
1470 1590 1648 1658 Bet-g.
1686 1598 1741 1640 et
1770 1586 2003 1644 ssoend.

1281 1721 1732 1798 Quadraginta
1785 1734 2020 1799 septem
2074 1725 2273 1799 legio-

1206 1810 1313 1847 nes
1360 1793 1427 1846 in
1470 1810 1659 1865 agros
1701 1801 1915 1868 captos
1963 1792 2265 1854 deduxit]

1208 1860 1464 1931 Appian.
1494 1882 1542 1916 ι.
1578 1859 1706 1914 Giv.
1728 1862 1851 1927 4¹3·
1884 1863 2115 1935 viginti
2142 1870 2270 1917 tres

1206 1928 1403 1991 hahet,
1444 1939 1503 1983 et
1574 1968 1593 1986 .
1621 1933 1743 1995 416.
1786 1939 2031 1986 centu-m
2069 1931 2269 2003 vigin-

1206 1997 1258 2050 ti
1290 1996 1501 2054 millia
1578 2000 1873 2053 ominum.
1923 1998 2032 2051 Hic
2066 2015 2272 2051 nume.

1205 2082 1303 2117 rus
1354 2065 1633 2118 sufficere
1686 2062 1939 2120 videtur.
1994 2085 2129 2120 nam
2172 2066 2270 2122 vix

1205 2134 1370 2189 credi
1409 2135 1627 2206 potest,
1668 2134 1888 2189 Sullam
1919 2153 2047 2190 cum
2080 2135 2268 2189 omni.

1203 2200 1313 2257 bus
1348 2220 1486 2257 suae
1516 2201 1704 2274 partis
1734 2201 1980 2258 ducibus
2016 2204 2269 2275 quadra-

1200 2272 1363 2395 fiinta
1395 2280 1619 2342 septem
1650 2271 1915 2341 legiones
1951 2275 2058 2328 sub
2087 2273 2263 2346 signis

1244 2340 1499 2395 abuisse.
1522 2339 1796 2396 DUHER.
1828 2344 2144 2396 Numerum
2167 2360 2266 2395 au-

1243 2419 1342 2463 ent
1370 2407 1556 2463 adhuc
1586 2410 1810 2465 Boend.
1848 2421 1906 2463 et
1937 2408 2031 2464 ed.
2057 2411 2263 2484 Camp.

1269 2481 1344 2534 X
1352 2478 1478 2535 VII.
1516 2476 1793 2550 legiones
1830 2478 2264 2561 praeferentes.

1203 2548 1295 2600 An
1334 2546 1393 2598 in
1431 2563 1678 2599 numero
1722 2558 1874 2601 notis
1921 2547 2032 2600 scri
2079 2556 2141 2599 to
2188 2545 2261 2600 li-

1202 2613 1391 2669 brarii
1415 2625 1708 2682 errarunt,
1739 2635 1805 2670 ac
1831 2617 2042 2675 XXV
2069 2616 2116 2670 Ι.
2148 2634 2262 2689 pro

1211 2685 1331 2740 XL
1352 2683 1476 2739 VII.
1505 2682 1919 2738 scribendum?
1953 2684 2263 2753 Prae-posi.

1202 2752 1288 2807 tio
1321 2754 1389 2808 in
1420 2750 1712 2806 omittitur
1741 2753 1801 2807 in
1820 2751 1973 2809 Vols.
2008 2757 2260 2826 etBerg·

1269 2891 1353 2948 Et
1374 2906 1482 2948 eos
1508 2890 1587 2945 iis
1615 2887 1849 2947 diuisit.
1885 2890 2263 2953 Volaterras,
2360 2885 2363 2886 ⁷

1204 2956 1365 3033 quod
1395 2954 1691 3030 oppidum
1731 2956 1933 3017 adhuc
1967 2960 2033 3013 in
2067 2959 2261 3014 armis

1208 3033 1369 3087 erat]
1403 3025 1623 3083 Sullam
1652 3044 1823 3099 agros
1843 3026 2264 3081 Volaterrano.

1206 3114 1337 3149 rum
1373 3093 1735 3168 publicasse,
1792 3113 1910 3152 non
1955 3094 2261 3161 divisisse,

1206 3182 1396 3236 neque
1434 3164 1504 3218 iis
1551 3162 1841 3217 civitatem
1883 3164 2119 3236 eripere
2155 3182 2265 3235 po.

1206 3234 1418 3300 tuisse,
1465 3231 1673 3289 scribit
1706 3231 1827 3288 Cic.
1867 3252 1912 3285 ι.
1950 3231 2023 3284 ad
2053 3232 2171 3286 Ait.
2202 3251 2258 3301 9.

1204 3305 1323 3356 Pro
1372 3305 1547 3358 Dom.
1589 3302 1675 3355 30.
1723 3311 1781 3358 et
1825 3302 1903 3356 13.
1952 3300 2160 3356 Famil.
2203 3304 2262 3368 4.

1205 3371 1483 3426 DURER.
1534 3370 1740 3424 Omnia
1791 3369 1934 3423 haec
1973 3370 2156 3424 verba
2196 3386 2265 3424 o-

1205 3439 1589 3494 mittebantur
1640 3437 1697 3490 in
1736 3437 1964 3492 Boend.
2018 3457 2120 3495 eos
2167 3439 2264 3493 bis

1207 3505 1714 3577 divisit'praefert
1746 3506 1905 3561 Voff.
1946 3503 2049 3559 scd
2081 3506 2267 3559 libra·

1207 3577 1329 3632 rius
1378 3574 1641 3630 scribere
1682 3573 1867 3630 voluit
1905 3593 2007 3630 eos
2042 3573 2140 3630 his
2172 3572 2266 3629 di-

1208 3647 1391 3710 visit,
1426 3654 1491 3700 ut
1525 3643 1725 3716 legunt
1756 3641 1850 3697 alii
1889 3641 2061 3696 codd.
2116 3645 2266 3697 Tum

1223 3714 1504 3772 Volteras
1523 3713 1668 3766 Lov.
1686 3736 1734 3771 α.
1772 3709 2084 3770 Volterras
2095 3710 2263 3768 Leid.

1208 3793 1267 3838 et
1287 3783 1447 3839 Voss'.
1483 3780 1805 3839 Volateras
1825 3781 2004 3852 Berg-

1276 3921 1456 3991 Eaepu
1551 3924 1697 3977 atae
1714 3915 2265 3997 dirutaequesunp]

1204 3990 1293 4044 De
1317 3988 1464 4056 Mity
1490 4003 1807 4043 cnaeorum
1825 3985 2186 4039 facinoribus
2207 4005 2266 4039 m

1205 4058 1501 4113 Romanos
1544 4053 1681 4108 vide
1722 4053 1798 4107 ad
1831 4054 1987 4127 Epit.
2015 4056 2105 4122 78.
2154 4054 2270 4109 Mi-

1204 4125 1430 4198 tylenas
1481 4143 1517 4183 a
1557 4124 1644 4185 Μ.
1683 4124 1941 4181 Thermo
1985 4132 2276 4199 praetore·
