2717 4667
2112 145 2149 159 l

619 249 742 333 396
847 248 1246 314 rnnmsn.
1279 219 2128 311 snPPLEnrnromm
2155 242 2303 304 Lm.
2325 242 2536 334 mun.

267 454 369 514 U·
395 474 448 511 02
474 458 599 516 682·
626 456 1039 529 tolerass'ent,
1103 453 1214 515 vel
1260 452 1338 514 ab
1376 451 1508 514 aris
1552 461 1620 512 et
1656 448 2020 512 simulacris
2056 451 2399 515 abstractos
2435 451 2599 536 jugu-

296 525 370 583 A·
392 527 566 595 C·7⁰·
628 542 867 606 labant.
940 557 1070 621 quo
1108 548 1286 597 metu
1320 553 1546 617 magna
1576 553 1729 616 pars
1751 573 1768 604 ‚
1831 552 1956 616 per
1994 535 2251 597 moenia
2290 535 2599 609 desiliens,

449 635 453 641 “
615 619 1151 710 Ῥενυηίνυυίᾈηι
1183 618 1544 701 regionem,
1590 627 1662 674 ut
1697 613 1976 697 quisque
2005 615 2284 682 latebras
2323 637 2603 703 sperave-

632 719 773 777 rat,
819 701 1115 785 diffipata
1150 697 1273 773 est,
1316 711 1425 760 aut
1468 696 1550 759 ad
1586 697 1812 758 Cottae
1857 694 2052 758 casira
2092 698 2405 784 perfugit.
2470 699 2602 778 Ille,

636 786 951 849 hactenus
983 782 1111 855 rei,
1157 802 1353 866 quum
1393 792 1640 865 captam
1673 776 1904 839 urbem
1934 778 2384 866 direptamque
2417 801 2491 842 ex
2517 780 2605 842 his

635 863 960 930 didiciffet
981 904 1000 936 ,
1042 864 1139 923 ira
1169 866 1461 926 fremens
1502 859 1742 923 excivit
1775 861 2156 937 exercitum,
2199 864 2607 947 protinusque

605 945 976 1024 ,contendit
1012 944 1092 1005 ad
1128 944 1394 1018 urbem,
1453 961 1730 1028 poenam
1770 941 2143 1026 sumpturus
2182 967 2216 1006 a
2251 945 2541 1017 '1⁸riari0,
2579 966 2609 1006 a

635 1052 768 1117 quo
814 1029 973 1092 effet
1013 1040 1082 1089 et
1112 1027 1477 1089 Heracleae
1513 1021 2153 1108 capiendae-gloria,
2201 1041 2267 1089 et
2302 1027 2609 1089 manubia-

632 1132 780 1175 rum
820 1108 1098 1172 utilitate
1137 1109 1484 1192 spoliatum
1543 1104 2054 1189 concursumque
2096 1108 2404 1172 civilibus
2437 1108 2609 1170 armis

631 1195 849 1270 foret3
910 1190 1040 1254 nisi
1062 1190 1384 1265 Triarius,
1430 1190 1615 1251 Cotta
1645 1187 2069 1270 exercituque
2101 1190 2320 1253 multis
2348 1191 2609 1253 lenibus-

636 1295 767 1360 que
799 1272 1019 1334 verbis
1048 1272 1322 1354 placato,
1368 1269 1674 1354 praedam
1713 1289 2119 1332 communem
2155 1274 2453 1354 omnibus
2484 1274 2610 1334 sore

639 1378 761 1441 spo
813 1353 1109 1417 ondisset.
1212 1354 1325 1417 Sic
1367 1353 1813 1433 redintegrata
1851 1352 2170 1426 amicitia,
2237 1376 2430 1437 quum
2463 1356 2612 1416 'l'ion

640 1453 711 1501 et
814 1433 1071 1498 mastrin
1122 1435 1199 1498 ab
1237 1434 1689 1516 Connacorige
1733 1433 1953 1495 teneri
1997 1433 2404 1510 didiciss'ent,
2451 1438 2613 1499 Tria·

619 1520 780 1586 ‚rius
807 1562 825 1591 ,
869 1519 938 1580 in
976 1514 1150 1580 istam
1189 1517 1676 1603 expeditionem
1710 1514 2089 1599 profectus,
2135 1532 2613 1602 utrumqueop·

637 1597 900 1687 pidum,
944 1614 1137 1684 pacto
1174 1620 1477 1663 securum
1513 1597 1757 1662 abitum
1784 1598 2267 1685 Connacorige‚
2316 1602 2492 1664 nullo
2518 1621 2613 1664 ne·

557 1736 561 1739 Α
617 1684 820 1768 ,gotio
861 1682 1139 1765 recepit.
2288 1713 2297 1720 ,

308 1845 468 1896 σου,
491 1859 608 1895 cm,
758 1816 931 1880 XVI.
992 1819 1174 1876 lnter
1207 1811 1373 1894 haec
1413 1813 1597 1873 Cotta
1636 1809 1929 1896 captivos
1956 1812 2523 1887 Heracleotarum,
2561 1825 2613 1877 et

256 1912 453 1965 decim
477 1923 529 1965 ee
545 1929 608 1964 a·
637 1898 752 1984 qui
787 1918 1014 1959 eorum
1054 1895 1133 1956 ad
1172 1914 1243 1956 se
1277 1893 1739 1977 perfufferant,
1797 1894 2123 1968 retinens,
2178 1894 2533 1958 crudeliter
2563 1907 2613 1956 et

256 1996 383 2031 vare
400 1982 610 2050 :egerit
635 1999 828 2043 avare
882 1976 1333 2061 praesentibus
1383 1937 1721 2048 mediatur,
1786 1976 2084 2038 omnibus
2141 1978 2434 2061 abreptis
2484 1993 2612 2039 tem-

258 2045 567 2104 Hemdefl‘·
638 2063 897 2148 plorum
933 2058 1246 2131 donariis,
1296 2058 1793 2143 simulacrisque
1825 2057 2178 2138 numinum,
2221 2071 2295 2119 ut
2329 2079 2450 2121 nec
2471 2061 2613 2120 Her-

641 2143 772 2207 culi
806 2155 1226 2227 parceretur,
1270 2138 1378 2200 cui
1424 2157 1669 2200 sacram
1716 2139 1944 2201 urbem
1993 2151 2207 2215 suani,
2254 2153 2324 2202 et
2346 2141 2427 2202 in
2464 2140 2611 2203 illius

639 2225 959 2288 honorem
997 2221 1243 2284 oraculi
1283 2220 1444 2301 juffu
1477 2221 1801 2286 conditam
1828 2221 2285 2285 Heraclienses
2324 2222 2611 2285 serebant.

566 2311 570 2318 ’
631 2305 805 2386 ‘Ejus
846 2304 1137 2388 effigiem
1176 2302 1532 2385 antiquitus
1572 2303 1765 2363 talem
1803 2303 2187 2387 posuerant,
2254 2318 2330 2367 ut
2367 2306 2524 2367 nihil
2554 2302 2617 2364 ad

630 2409 953 2450 summam
1006 2373 1552 2468 mag-nilicentiam
1608 2385 2024 2469 pretiumque
2083 2407 2157 2448 ac
2212 2385 2617 2469 pulchritudi-
2668 2393 2669 2426 ³

629 2491 798 2532 nem
831 2469 956 2531 reli
1004 2488 1156 2530 uum
1187 2466 1544 2530 videretur.
1633 2466 1889 2528 Clavam
1921 2466 2305 2531 addiderant
2341 2490 2494 2530 auro
2521 2468 2614 2529 ob-

555 2585 558 2590 ·
646 2552 794 2613 rizo
828 2489 1136 2612 solidam:
1182 2561 1248 2609 et
1279 2569 1360 2610 ex
1398 2547 1629 2609 eodem
1664 2549 1925 2611 metallo
1960 2549 2285 2612 leoninam
2318 2550 2617 2635 ingentem
2664 2595 2668 2626 ,

629 2630 1423 2714 *finxerant,„plenamque
1459 2629 1712 2711 sagittis
1747 2628 2137 2713 pharetram.
2196 2634 2381 2697 Haec
2419 2648 2482 2695 et
2517 2632 2617 2694 alia

627 2735 846 2796 quum
886 2713 964 2773 ad
1004 2733 1201 2774 naves
1247 2711 1672 2807 deportasset,
1727 2710 1911 2791 injici
1946 2712 2139 2775 tectis
2183 2714 2404 2798 ignem
2428 2714 2615 2796 ‘jussitz

631 2831 640 2842 ·
701 2814 783 2874 uo
817 2794 1168 2878 pleraeque
1209 2793 1394 2854 urbis
1428 2792 1737 2876 regiones
1777 2791 2272 2880 conflagrarunt.
2360 2798 2484 2859 Hic
2514 2794 2618 2857 suit

721 2877 1100 2940 eracliensis
1140 2874 1506 2938 obsidionis
1541 2875 1778 2951 exitus,
1823 2876 2099 2941 alterum
2130 2878 2200 2940 in
2229 2900 2462 2942 annum
2485 2897 2616 2965 pro-

650 2970 916 3021 tractae.
1760 2983 1764 2989 *
2070 2994 2089 3002 -
2304 2985 2309 2991 ·
2466 2972 2471 2977 ’

367 3096 589 3172 Romam
773 3092 975 3160 xvn.
1030 3093 1249 3165 Cotta,
1310 3090 1512 3153 miffis
1564 3093 1646 3155 ad
1691 3093 2039 3167 Lucullus,
2118 3093 2230 3176 qui
2285 3093 2517 3157 iterum
2562 3093 2617 3154 in
2662 3145 2663 3148 ,

282 3168 623 3234 proficiscens
637 3175 929 3235 Pontum
967 3173 1301 3248 movebat,
1364 3172 1746 3237 cohortibus
1786 3175 2063 3258 aliisque
2093 3176 2436 3252 Romanis,
2490 3197 2618 3261 per·
2662 3175 2663 3190 ¹

287 3235 611 3358 “mfefim'
640 3255 962 3339 miffoque
1001 3256 1201 3317 sociis
1223 3298 1240 3328 ‚
1287 3269 1359 3318 ut
1399 3277 1575 3316 suam
1611 3258 1891 3341 quisque
1929 3256 2001 3317 in
2034 3260 2307 3340 patriam
2351 3272 2619 3322 reverte-

283 3318 386 3374 μ’
409 3316 566 3416 (η’,
648 3351 914 3410 rentur,
958 3357 1104 3399 cum
1141 3336 1329 3421 classe
1359 3340 1627 3400 Romam
1670 3337 1940 3400 instituit
1968 3341 2117 3400 iter.
2192 3340 2308 3402 sed
2348 3363 2495 3424 pars
2527 3361 2620 3400 na-

650 3418 827 3481 vium
884 3438 1085 3482 onere
1144 3433 1443 3501 gravata,
1516 3441 1708 3504 quum
1758 3419 2204 3504 haud-procul
2252 3422 2448 3498 litore
2483 3423 2494 3430 “
2531 3441 2622 3482 ro-

650 3501 942 3574 cess'ill'et,
988 3499 1307 3563 subsedit:
1351 3501 1509 3562 alias
1538 3501 1768 3563 ssantes
1803 3501 1981 3564 forte
2002 3502 2366 3587 Aquilones
2396 3506 2463 3567 in
2531 3521 2617 3564 re·

643 3582 749 3645 via
785 3582 1266 3680 c'pmpulerunt,
1318 3597 1391 3644 ut
1422 3583 1645 3652 facere
1682 3584 1990 3663 jacturam
2026 3601 2442 3667 cogerentur.

205 3693 254 3722 ‘u

342 3703 616 3804 §milui
771 3714 1002 3780 me.
1063 3705 1277 3810 Quum
1320 3715 1410 3778 ita
1449 3716 1741 3801 quotidie
1789 3715 1857 3777 in
1903 3715 2195 3804 deterius
2240 3738 2349 3782 res
2386 3713 2618 3809 Mithri-

295 3788 623 3873 Sympmob·
639 3793 820 3857 -datis
876 3812 1183 3872 ruerent,
1256 3812 1473 3860 motus
1528 3798 1766 3860 iterum
1813 3819 1892 3860 ex
1926 3799 2085 3861 Asia
2129 3801 2432 3864 Lucullus
2476 3797 2615 3862 valt-

289 3860 449 3913 ΨΜ·
647 3876 797 3939 dius
845 3895 951 3940 eas
997 3877 1287 3964 impulit,
1346 3880 1444 3942 ira
1483 3900 1742 3966 quoque
1782 3881 2151 3965 instigante,
2197 3884 2284 3946 ob
2327 3880 2610 3968 superbas

650 4063 867 4185 eulClaP·
905 4068 1062 4124 XVI.
1099 4068 1296 4127 Justin.
1335 4067 1506 4147 16‚‚3.
1541 4035 1859 4126 Memnon..
1918 4070 2067 4148 Gap,
2097 4064 2314 4131 xan
2346 4071 2488 4127 plut·
2513 4068 2603 4123 Lu,

1417 4508 1451 4524 “
2622 4479 2653 4618 j
