2717 4667
498 185 588 281 m
630 216 936 282 Locum
974 218 1144 279 Lm.
1199 215 1490 284 xcvm.
1532 213 1762 283 mvn.
1987 158 2002 175 ’
2047 219 2164 287 421

153 423 407 487 fectum
438 425 590 500 rati,
632 423 837 487 statim
870 425 939 485 in
975 439 1203 507 campo
1242 423 1818 486 circumdederunt
1847 420 2168 484 lecticam.
2228 416 2524 477 Ποῦ-685.

154 507 399 590 Igitur,
461 505 547 569 ιιιῑ
573 498 949 591 ερίνειηωηῖ
965 522 1484 589 cognoscerent,
1535 503 1921 567 Timotheus
1963 503 2170 565 medi·
2233 489 2512 586 &02⁶7-

153 608 270 651 cus
319 589 449 670 jam
502 590 795 652 cohibito
848 591 1164 673 sanguine
1217 588 1657 651 refocillatum
1702 585 1786 648 de
1827 583 2177 670 superiore

155 670 657 755 locoostendit.
742 675 927 745 Rex,
992 672 1185 733 simul
1230 669 1310 732 ad
1353 693 1425 734 sc
1467 671 1700 741 rediit,
1767 669 2025 753 signum
2070 689 2178 730 re-

159 773 236 815 ce
289 754 388 815 tui
426 755 644 817 datum
683 754 833 817 tulit
869 754 1204 837 graviter,
1268 754 1629 836 eademque
1681 751 1889 816 adhuc
1946 751 2053 813 die
2099 749 2183 814 ad

162 776 365 900 cassra
388 839 679 900 Romana
704 836 907 899 duxit.
998 835 1132 900 Sed
1171 836 1284 896 illa
1318 855 1579 931 quoque
1613 834 1769 916 fuga
1799 833 1926 913 jam
1958 832 2181 896 deser·

157 931 222 980 ta
257 933 472 983 erant.
536 920 753 1006 Quum
788 918 1233 1004 spoliarentur
1263 920 1526 989 mortui,
1575 916 1989 979 tribunorum
2025 937 2184 1000 qua·
2215 926 2226 938 ·

159 1014 319 1066 tuor
357 1015 426 1063 et
460 1002 738 1086 viginti,
787 1001 1247 1063 centurionum
1281 1014 1545 1070 centum
1580 998 2045 1083 quinquaginta
2081 997 2183 1058 di-

162 1098 403 1146 cuntur
457 1085 671 1167 agnita
715 1082 1069 1162 cadavera3
1132 1082 1412 1146 militum
1452 1100 1713 1168 quoque
1741 1086 2186 1144 Romanorum

161 1167 315 1254 plu's
367 1180 622 1253 septem
656 1166 863 1229 millia
899 1164 1233 1229 cecidiss'e.
2195 1177 2202 1184 ·

287 1301 523 1366 XCIV.
583 1300 671 1362 At
703 1298 1159 1375 Mithridates,
1258 1314 1562 1364 ercurato
1599 1299 1911 1374 vulnere,
1954 1298 2183 1396 plures
2243 1295 2406 1351 Alios
2424 1296 2562 1351 inst.
2651 1326 2658 1334 =

163 1382 292 1446 hoc
326 1404 537 1468 genus
572 1383 996 1446 insidiatores
1033 1384 1100 1444 in
1136 1403 1208 1445 ca
1237 1384 1357 1446 tris
1397 1385 1535 1448 suis
1567 1404 1765 1481 agere
1796 1391 2183 1467 suspicatus,
2208 1366 2440 1423 ‘uuum
2454 1369 2616 1423 ΜΝ

166 1481 567 1530 convocatos
617 1464 1132 1540 milites·subito
1174 1467 1243 1527 in
1285 1467 1715 1530 contubernia
1755 1467 1927 1548 juffit
1969 1465 2184 1529 disce·
2200 1441 2583 1561 §nuffmzz‘

166 1547 353 1611 dere.
425 1547 603 1635 quod
654 1570 852 1633 quum
903 1548 1063 1614 effet
1112 1547 1396 1622 factum,
1441 1563 1524 1610 ‘et
1562 1550 1873 1623 Romani,
1938 1571 2068 1647 quo
2113 1570 2194 1618 se,
2246 1525 2578 1631 'fixae-miti..

166 1633 592 1716 reciperent,
650 1651 784 1692 non
820 1630 1177 1704 haberent,
1240 1629 1678 1714 deprehensi,
1729 1633 2187 1717 supplicioque
2205 1648 2324 1700 dem
2342 1647 2594 1700 adversus

175 1714 431 1776 adfecti
461 1728 633 1776 sunt.
721 1712 893 1775 Inde'
923 1714 1252 1796 regress'us
1297 1713 1368 1773 in
1411 1715 1732 1786 minorem
1771 1712 2185 1789 Armeniam,
2215 1734 2332 1768 eum
2353 1714 2589 1770 insidiae

181 1816 315 1880 quo
357 1796 719 1859 adventanti
752 1795 1027 1856 Lucullo
1066 1795 1357 1880 inopiam
1403 1811 1874 1859 commeatuum
1918 1798 2191 1871 faceret,
2217 1784 2556 1855 “mmmm'-
2613 1855 2616 1862 f

180 1881 545 1963 absportata
578 1893 813 1963 quanta
848 1891 1110 1962 poterat
1141 1898 1414 1952 annona,
1459 1880 1637 1964 quod
1672 1895 1812 1942 erat
1844 1881 2193 1964 reliquum,

177 1963 660 2046 corrumpebat.
745 1964 914 2022 Tum
966 1960 1263 2022 detectae
1316 1974 1469 2023 sunt
1516 1963 1681 2024 aliae
1731 1961 2043 2025 adversus
2090 1983 2198 2024 re-

158 2063 320 2126 ‘gem
373 2043 694 2117 insidiae,
750 2043 829 2105 ab
881 2041 1118 2104 Attilio
1169 2058 1469 2126 paratae,
1537 2047 1834 2105 Romano
1892 2057 2199 2106 senatore

155 2125 251 2187 'ex
294 2115 721 2211 proscriptis:
805 2128 973 2186 Eum
1017 2144 1174 2199 rex,
1234 2123 1547 2208 pristinae
1606 2125 1945 2209 dignitatis
2002 2146 2199 2191 reve-

170 2210 389 2271 rentia
435 2209 738 2294 torqueri
779 2219 914 2269 non
953 2207 1204 2291 paffus,
1261 2207 1547 2292 simplici
1586 2222 1840 2286 morte3
1912 2223 2197 2283 ceteros,

173 2292 288 2376 qui
336 2312 484 2353 cum
530 2312 611 2353 eo
658 2289 1228 2386 conspiraverant,
1291 2291 1702 2352 excruciatos
1754 2293 2047 2353 necavit:
2114 2291 2199 2352 li-

167 2373 404 2436 bertos
447 2372 734 2435 hominis
780 2372 1031 2433 dimisit
1068 2371 1369 2448 illaesos,
1437 2372 1728 2436 debuiss'e
1776 2372 1930 2434 illos
1971 2385 2196 2458 patro-

172 2477 259 2552 no
300 2476 557 2518 morem
598 2475 836 2541 gerere
878 2454 1235 2539 praefatus.
1769 2483 1804 2498 -f

300 2590 506 2653 XCV.
555 2588 789 2651 Castris
832 2587 1075 2651 deinde
1114 2587 1294 2652 circa
1321 2588 1599 2652 Talaura
1642 2587 1871 2673 aspero
1911 2602 1977 2651 et
2011 2609 2198 2654 mon-

171 2670 363 2737 tuoso
405 2673 537 2735 situ
572 2671 847 2755 positis,
892 2672 1237 2734 Lucullum
1278 2672 1710 2757 exspectabat.
1798 2675 2027 2755 Neque
2084 2672 2200 2734 de-

173 2755 309 2822 fuit
340 2754 457 2817 ille
495 2754 837 2828 accedere,
884 2751 1082 2826 castra
1121 2752 1524 2852 conjungere
1565 2751 1809 2826 castris,
1853 2754 2199 2840 modisque

177 2837 484 2903 omnibus
520 2835 602 2897 ad
634 2857 915 2922 pugnam
946 2837 1267 2907 barbaros
1304 2839 1573 2900 elicere.
1663 2838 1905 2898 Contra
1939 2836 2202 2899 Mithri-

176 2920 365 2984 dates
407 2939 563 2984 suos
600 2920 774 2984 intra
814 2920 1217 2982 munimenta
1251 2920 1649 2991 continebat,
1698 2915 2049 3002 Tigranem
2080 2940 2202 3004 op-

173 3003 475 3088 periens.
545 3005 633 3074 Et
668 3023 792 3086 per
820 3001 1093 3065 eosdem
1127 3000 1270 3080 dies
1306 3002 1473 3064 alius
1493 2999 1910 3066 Mithridates
1940 2999 2204 3064 Mediae

175 3106 341 3159 rex,
402 3085 773 3168 palantibus
809 3086 988 3172 forte
1020 3084 1335 3151 Romanis
1381 3105 1463 3150 ex
1495 3081 1853 3171 improviso
1894 3083 2203 3172 superfu-

181 3189 296 3231 sus
320 3210 338 3243 ,
384 3168 625 3230 multos
663 3168 1024 3256 interemit.
1749 3170 1756 3178 ⁴

304 3299 538 3367 XCVI.
581 3299 768 3363 Haec
799 3301 1037 3378 omnia,
1076 3299 1276 3362 semel
1313 3297 1719 3362 exacerbatis
1751 3298 2030 3362 militum
2057 3297 2195 3362 ani-
2240 3325 2470 3383 Lucan,-
2484 3329 2586 3383 mi.

178 3381 347 3455 mis,
410 3382 767 3467 augebant*
784 3383 955 3457 iras,
1033 3382 1530 3466 seditionesque
1584 3381 1740 3443 alias
1794 3404 1868 3443 su
1918 3403 1994 3444 er
2037 3382 2196 3443 alias
2222 3394 2351 3452 mes
2370 3416 2581 3452 suum.

180 3464 578 3529 excitabant.
666 3468 871 3530 Erant
910 3464 1036 3546 jam
1068 3465 1156 3526 'ab
1180 3464 1398 3548 xinitio
1445 3463 1611 3525 male
1658 3483 1813 3547 erga
1911 3464 2200 3527 ucullum
2224 3479 2342 3520 sent
2360 3470 2595 3540 impera-

181 3547 436 3612 adfecti
480 3546 763 3622 milites,
872 3545 1004 3609 uod
1048 3546 1382 3630 per'duas
1412 3544 1750 3607 continuas
1782 3546 2070 3619 hiemes,
2119 3546 2202 3608 ad
2227 3538 2359 3592 ‘⁰⁷¹‘-

184 3629 498 3711 Cyzicum
532 3629 756 3713 prius,
864 3627 1059 3702 einde
1103 3626 1184 3696 ad
1217 3628 1549 3701 Amisum,
1596 3627 1714 3690 suh
1756 3629 2040 3712 pellibus
2083 3649 2202 3691 eos

182 3711 564 3776 attinuerat.
664 3710 798 3774 Sed
851 3725 918 3773 et
973 3725 1263 3774 ceteram
1314 3709 1612 3789 militiam
1669 3709 1765 3771 sic
1820 3725 2197 3807 exegerant,

180 3805 258 3855 ut
289 3807 399 3856 aut
432 3793 608 3854 inter
638 3791 853 3856 hostes
888 3794 1046 3856 ess'et
1073 3791 1569 3868 hibernandum,
1617 3805 1726 3855 aut
1760 3793 1878 3855 suh
1913 3793 2024 3855 dio
2054 3797 2228 3856 ten-'

183 3873 474 3939 dendum
513 3874 685 3960 apud
716 3876 959 3940 socios.
1003 3896 1151 3939 nam
1190 3876 1259 3937 in
1296 3873 1607 3963 op'pidum
1634 3875 1955 3962 Graecum
1989 3890 2057 3938 et
2083 3898 2197 3963 pa-

257 4082 408 4156 Cap.
443 4081 653 4140 XCIII.
698 4083 856 4140 Plut.
900 4090 960 4138 et
990 4078 1246 4152 Appiae.
1331 4079 1479 4154 Gap.
1512 4078 1721 4134 XCIV.
1760 4078 1896 4134 Dio.
1934 4077 2195 4152 Appian.

183 4151 335 4229 Cap.
369 4151 551 4213 XCV.
587 4150 728 4212 Dio.
766 4150 1030 4228 Appiam
1065 4149 1222 4212 Plut.
1246 4148 1406 4211 1Dio.
1480 4148 1631 4228 cap.
1664 4148 1872 4213 XCVI.
1907 4149 2064 4210 Plut.
2207 4161 2218 4174 ’
2315 4145 2336 4162 “
