2717 4667
611 259 1243 327 innocuum
1289 260 1448 327 cm.
1490 260 1719 330 mvn.
1868 278 1931 321 ·:
2024 254 2168 344 aa„

174 460 312 552 q‘uid
337 487 654 529 mutaretur
686 469 754 530 de
779 490 949 553 agro,
992 472 1088 551 qui
1121 469 1196 532 P.
1225 468 1447 541 Mucio,
1485 469 1556 530 L.
1594 471 1895 553 Calpurnio
1927 473 2160 557 confidi-
2223 475 2292 537 U.
2314 492 2365 533 c.
2387 476 2513 546 691.

172 558 272 612 bus
309 549 558 630 publicus
576 550 814 633 ficisseae,
859 571 988 635 quo
1025 571 1195 614 anno
1231 552 1335 615 Ti.
1370 551 1707 616 Gracchus
1741 557 2026 639 agrarias
2059 557 2158 619 le·
2210 546 2480 606 &00⁶⁰-

172 653 294 718 ges
323 633 596 695 tulerat:
652 654 782 693 neve
822 632 1172 695 Sullanorum
1201 633 1474 695 hominum
1502 633 1835 715 poffiffiones
1872 658 2157 703 moveren-

167 736 290 775 tur.
381 716 845 779 Volaterranos
883 715 1077 777 etiam
1113 729 1182 778 et
1203 717 1579 789 Arretinos,
1627 737 1903 802 quorum
1931 740 2158 803 agrum

163 796 531 881 publicarat
586 796 762 859 Sulla
785 840 802 871 ‚
872 817 1088 881 neque
1152 792 1511 872 diviserat,
1582 798 2008 864 defendebat:
2086 801 2158 863 id

168 879 382 939 solum
426 879 835 951 concedens,
898 894 969 942 ut
1008 899 1088 940 ex
1123 900 1202 942 ea
1239 881 1555 965 pecunia,
1623 903 1811 965 quae.
1837 903 1916 945 ex
1962 884 2156 946 novis

164 961 600 1043 vectigalibus
633 983 756 1046 per
789 961 1304 1047 quinquennium
1337 961 1790 1049 redigeretur,
1850 985 2156 1048 agrorum

166 1044 537 1125 emptiones
575 1041 831 1105 fierent.
996 1062 1004 1073 ·
1063 1070 1072 1079 ·

290 1149 538 1211 LV111.·
583 1149 710 1212 Sed
747 1146 908 1212 haec
953 1151 1320 1226 contentio,
1382 1170 1578 1237 quum
1616 1152 1891 1214 maxime
1929 1151 2148 1216 ferve-
2187 1147 2549 1236 Hetv‘eaorum

161 1243 307 1304 ret,
376 1230 610 1294 Gallici
654 1232 806 1294 belli
851 1247 1026 1295 metu
1071 1234 1432 1317 paullisper
1472 1234 1725 1296 remiss'a
1762 1233 1907 1296 suit.
1990 1238 2152 1320 Nam
2176 1244 2375 1305 matus.

162 1312 461 1374 Helvetii
507 1315 573 1374 in
617 1316 812 1375 armis
852 1316 1008 1387 effe,
1077 1330 1280 1402 atque·
1309 1317 1731 1377 excursiones
1777 1319 1842 1375 in
1882 1317 2154 1399 provin·
2462 1332 2467 1337 ‘

165 1394 332 1455 ciam
367 1394 623 1471 facere,
668 1397 1158 1460 nunciabantur.
1244 1396 1500 1460 Idcirco
1541 1413 1800 1460 senatus
1833 1396 2150 1473 decrevit,

145 1496 225 1535 aaz
261 1477 690 1559 confidentiant,
712 1480 927 1539 Gallias
951 1480 1302 1561 finirentur
1319 1501 1339 1539 .·
1364 1510 1371 1517 ·
1396 1479 1636 1540 delectus
1667 1479 1996 1540 haberetur.-
2049 1500 2154 1541 va-

166 1577 405 1620 cationes
450 1580 517 1620 ne
560 1560 840 1622 valerent.-
894 1561 1065 1644 legati
1101 1583 1220 1622 cum
1251 1567 1583 1622 auctoritate
1612 1567 1968 1623 mitterentur
1982 1603 2001 1635 ‚
2058 1564 2155 1643 qui

159 1643 388 1701 adirent
422 1642 644 1703 Galliae
674 1646 926 1703 civitates
940 1686 960 1716 ‚
1018 1644 1323 1725 darentque
1356 1660 1575 1723 operam
1589 1684 1608 1717 ‚
1670 1665 1736 1703 ne
1757 1643 1821 1723 fi
1857 1662 1976 1705 cum
2004 1643 2151 1704 Hel-

163 1727 323 1783 vetiis
343 1727 675 1805 jungerem,
763 1723 998 1820 Quum·
1025 1726 1098 1786 in
1141 1724 1490 1789 sortitione
1535 1725 1896 1810 legatorum
1940 1725 2150 1808 prima

149 1802 250 1865 -de
285 1806 736 1868 consularibus
772 1829 918 1868 sors
939 1808 1321 1881 Ciceronis,
1370 1806 1608 1870 deinde
1641 1807 1941 1891 Pompeii
1974 1807 2149 1869 exie-

149 1901 302 1964 -set3
347 1903 610 1951 senatus
647 1910 768 1950 una
801 1896 967 1952 voce
1004 1891 1318 1950 retinendos
1347 1891 1444 1950 hos
1475 1895 1535 1950 in
1564 1888 1699 1950 urbe
1726 1891 2000 1952 censuit.
2047 1890 2145 1952 le-

159 1971 483 2051 gatisunt
507 1969 928 2065 Q..Hetellus
961 1972 1296 2045 Creticus,
1337 1975 1417 2033 L.
1447 1974 1754 2043 Flaccus,
1802 1986 1867 2034 et
1897 1974 2145 2033 Lentu-

155 2051 261 2113 lus
306 2053 604 2114 Clodiani
656 2051 852 2115 filius.
934 2056 1167 2116 Pacata
1219 2067 1434 2116 tamen
1486 2055 1826 2139 provincia
1875 2053 2140 2126 mansit,

158 2153 357 2219 quum
405 2135 679 2211 victoria
723 2138 838 2198 Cn.
875 2137 1169 2198 Pontinii
1220 2136 1481 2198 facilem
1532 2136 1614 2197 ad
1661 2136 1975 2220 reliquias
2025 2156 2142 2219 pa-

143 2210 412 2299 ‘caudas‘
433 2214 602 2301 viam
684 2218 1014 2281 araviss'et:
1056 2232 1250 2302 atque
1286 2218 1431 2290 ille,
1476 2233 1819 2280 contentus
1854 2217 2143 2279 domuis-

160 2318 271 2375 se,
319 2297 432 2383 qui
469 2241 984 2379 rebellaverant,
1029 2321 1161 2362 non
1200 2294 1515 2362 lacess’svit
1558 2301 1839 2385 quietos.

283 2423 455 2483 le.
509 2422 750 2507 Igitur,
809 2426 1005 2506 qu'um
1043 2435 1332 2484 motuum
1360 2423 1760 2486 Gallicorum
1799 2443 1999 2485 vanus
2030 2443 2143 2483 ru-
2203 2416 2403 2490 censu!
2418 2435 2484 2490 tn

133 2522 303 2564 -mor
333 2504 587 2578 fuiss'et,
635 2517 701 2566 et
737 2505 938 2569 otium
977 2524 1015 2565 e
1047 2504 1255 2566 Gallia
1292 2504 1745 2577 nunciaretur,
1798 2504 1879 2565 ad
1911 2504 2141 2567 civiles
2163 2506 2549 2586 ‘effetanda'

156 2586 613 2650 contentiones
645 2588 862 2648 acrius
890 2585 1194 2659 reditum,
1235 2601 1364 2649 tam
1394 2585 1772 2648 vehementi
1805 2600 2142 2649 concerta-
2164 2583 2481 2630 mu'u'*
2544 2644 2555 2657 ,

135 2668 337 2729 ·tione
358 2714 376 2742 ‚
415 2682 505 2731 Ιιιι
535 2669 618 2754 Ο.
649 2669 955 2733 Metellus
993 2668 1222 2731 consul
1245 2668 1580 2753 „lapidibus
1625 2668 1951 2766 appetitus
1986 2687 2143 2753 per-
2166 2641 2322 2700 ιω·

156 2764 496 2821 cuteretur
543 2773 584 2811 a
624 2750 965 2827 seditiosis
987 2773 1006 2828 3
1061 2749 1299 2813 deinde
1336 2770 1371 2811 a
1406 2751 1674 2812 tribuno
1713 2772 1779 2811 m
1810 2770 2143 2814 carcerem

149 2830 529 2895 duceretur.
587 2832 701 2895 sed
739 2852 954 2916 neque
995 2834 1221 2894 consul
1262 2854 1342 2896 eo
1385 2846 1644 2895 terrore
1682 2830 1860 2895 flecti
1888 2832 2147 2917 potuit;

123 2934 373 2997 -neque
413 2915 574 2977 tanti
611 2915 742 2985 viri
779 2916 1048 2976 causs'am
1088 2913 1381 2977 deseruit
1419 2928 1710 2989 senatus,
1775 2916 1932 3000 quin
1969 2911 2141 3004 apud

150 2994 338 3057 illum
378 2995 447 3058 in
484 3016 749 3058 carcere
784 2997 1138 3059 convenire
1177 3011 1471 3080 cuperet.

274 3105 414 3165 Lx.
464 3102 563 3165 lbi
597 3103 859 3167 Flavius
883 3147 899 3177 ‚
946 3104 1101 3167 sella
1142 3103 1478 3175 tribunitia
1520 3103 1600 3165 ad
1635 3103 1817 3168 fores
1855 3103 2138 3165 colloca·
2202 3104 2426 3166 Tritium·

150 3201 253 3259 ta,
295 3184 443 3264 jure
475 3184 872 3249 inviolabilis
904 3184 1230 3269 potestatis
1263 3187 1497 3247 clausit
1526 3186 1807 3260 aditum,
1851 3206 1971 3269 per
1999 3206 2137 3247 mu·
2157 3180 2337 3263 plebis
2364 3182 2464 3234 '‘¹¹¹-

145 3290 299 3331 rum
338 3267 586 3331 intrare
620 3268 848 3348 jubens
883 3282 1171 3331 senatum
1192 3310 1209 3342 ‚
1256 3269 1322 3330 sin
1344 3269 1584 3346 vellet3
1626 3283 1755 3333 tam
1785 3266 2137 3351 pertinaci·
2156 3253 2429 3323 fumu-

149 3366 258 3415 ter
294 3350 659 3424 obluctans,
706 3364 777 3410 ut
806 3349 1036 3413 eodem
1067 3351 1214 3415 loco
1247 3365 1748 3435 pernoctaturus
1777 3349 2136 3415 videretur.

152 3438 321 3495 Tum
353 3452 518 3495 vero
546 3431 932 3515 Pompeius,
976 3432 1228 3515 pudore
1263 3432 1517 3503 ductus,
1564 3447 1631 3494 et
1663 3433 1812 3515 quia
1843 3450 1953 3496 res
2030 3449 2137 3492 er-

111 3568 118 3577 .
153 3536 346 3601 quam
382 3514 706 3576 invidiosa
740 3515 930 3578 etiam
964 3514 1048 3577 ad
1076 3514 1391 3597 populum
1419 3527 1579 3588 erat,
1625 3512 1969 3579 discedere
2050 3512 2140 3574 la-

117 3599 333 3676 fvium
371 3596 581 3677 jumi,
641 3595 711 3657 id
754 3618 786 3658 a
830 3615 901 3657 se
991 3596 1200 3660 etiiss'e
1225 3596 1561 3659 Metellum
1589 3596 1918 3660 mentitus.
2006 3591 2141 3658 Sed

146 3678 368 3743 notam
415 3678 612 3741 animi
659 3678 947 3762 magnitu
995 3680 1168 3743 inem
1200 3679 1505 3745 Metellus
1551 3677 1891 3750 effecerat,
1989 3696 2141 3739 uum

149 3783 301 3829 eum
338 3761 583 3844 reliqui
618 3760 866 3822 tribuni
902 3763 1189 3825 eximere
1224 3761 1472 3825 vellent
1505 3780 1541 3823 e
1575 3779 1873 3833 carcere,
1916 3758 1943 3821 i
2023 3757 2140 3822 be·-

123 3844 457 3929 ,aeficium
488 3841 875 3930 recusando.
918 3842 1136 3930 postea
1170 3863 1465 3929 quoque,
1512 3861 1709 3930 quum
1734 3840 1997 3906 Flavius
2025 3839 2142 3904 de-

141 3968 822 4003 ---—-—--⁴--—---†-

121 4058 128 4067 ·
214 4037 366 4109 Cap.
396 4035 610 4090 LVIII.
660 4033 830 4089 Caes.
868 4031 941 4088 de
971 4036 1045 4091 Β.
1078 4030 1231 4091 Gau.
1264 4049 1314 4086 ι.
1363 4030 1489 4086 Cic.
1522 4029 1598 4084 ad
1625 4029 1750 4086 Att.
1782 4048 1805 4085 ι
1872 4044 1956 4100 19.
1994 4027 2135 4085 Dio.

146 4105 275 4165 Cic,
323 4104 397 4161 de
428 4106 611 4159 Prov.
651 4106 829 4163 Cous.
872 4123 924 4161 c.
962 4106 1046 4165 13.
1133 4100 1281 4179 Cap.
1313 4102 1462 4160 mx.
1511 4098 1638 4160 Cio.
1683 4097 1761 4158 ad
1849 4108 1918 4158 tt.
1948 4116 2008 4168 t,
2045 4113 2134 4154 ao·

151 4175 319 4232 Idem
354 4172 707 4247 ibid.‹2,-2.·
736 4173 880 4233 Βία.-
971 4218 978 4227 .
1019 4224 1024 4229 ,
1075 4184 1088 4205 ⁸
1812 4180 1817 4183 '
2098 4200 2105 4203 -
