<?xml version="1.0" encoding="UTF-8"?>
<!DOCTYPE html PUBLIC "-//W3C//DTD XHTML 1.0 Transitional//EN"
    "http://www.w3.org/TR/xhtml1/DTD/xhtml1-transitional.dtd">
<html xmlns="http://www.w3.org/1999/xhtml" xml:lang="en" lang="en">
 <head>
  <title>
</title>
<meta http-equiv="Content-Type" content="text/html;charset=utf-8" />
  <meta name='ocr-system' content='tesseract 3.04.00' />
  <meta name='ocr-capabilities' content='ocr_page ocr_carea ocr_par ocr_line ocrx_word'/>
</head>
<body>
  <div class='ocr_page' id='page_1' title='image "./tliviipatavinih14unkngoog_0525.png"; bbox 0 0 2717 4667; ppageno 0'>
   <div class='ocr_carea' id='block_1_1' title="bbox 801 288 1520 395">
    <p class='ocr_par' dir='ltr' id='par_1_1' title="bbox 801 288 1520 395">
     <span class='ocr_line' id='line_1_1' title="bbox 801 288 1520 395; baseline 0.001 -30"><span class='ocrx_word' id='word_1_1' title='bbox 801 288 1266 395; x_wconf 22' lang='lat' dir='ltr'><strong><em>‘mam</em></strong></span> <span class='ocrx_word' id='word_1_2' title='bbox 1332 289 1520 369; x_wconf 86' lang='lat' dir='ltr'><strong><em>cm.</em></strong></span> 
     </span>
    </p>
   </div>
   <div class='ocr_carea' id='block_1_2' title="bbox 2158 290 2319 393">
    <p class='ocr_par' dir='ltr' id='par_1_2' title="bbox 2158 290 2319 393">
     <span class='ocr_line' id='line_1_2' title="bbox 2158 290 2319 393; baseline -0.012 -22"><span class='ocrx_word' id='word_1_3' title='bbox 2158 290 2319 393; x_wconf 72' lang='lat'><strong><em>6107</em></strong></span> 
     </span>
    </p>
   </div>
   <div class='ocr_carea' id='block_1_3' title="bbox 126 483 2375 753">
    <p class='ocr_par' dir='ltr' id='par_1_3' title="bbox 126 483 2375 753">
     <span class='ocr_line' id='line_1_3' title="bbox 130 483 2316 619; baseline -0.002 -28"><span class='ocrx_word' id='word_1_4' title='bbox 130 520 446 609; x_wconf 76' lang='lat' dir='ltr'><strong><em>Thracia</em></strong></span> <span class='ocrx_word' id='word_1_5' title='bbox 487 483 757 609; x_wconf 81' lang='lat' dir='ltr'><strong><em>parum</em></strong></span> <span class='ocrx_word' id='word_1_6' title='bbox 799 541 1129 612; x_wconf 72' lang='lat' dir='ltr'><strong><em>prospere</em></strong></span> <span class='ocrx_word' id='word_1_7' title='bbox 1169 543 1325 590; x_wconf 85' lang='lat' dir='ltr'><strong><em>rem</em></strong></span> <span class='ocrx_word' id='word_1_8' title='bbox 1366 525 1608 613; x_wconf 70' lang='lat' dir='ltr'><strong><em>gessit.</em></strong></span> <span class='ocrx_word' id='word_1_9' title='bbox 1685 526 1796 590; x_wconf 91' lang='lat' dir='ltr'><strong><em>M.</em></strong></span> <span class='ocrx_word' id='word_1_10' title='bbox 1842 507 2116 619; x_wconf 32' lang='lat' dir='ltr'><strong><em>Cic-ero,</em></strong></span> <span class='ocrx_word' id='word_1_11' title='bbox 2167 520 2316 610; x_wconf 82' lang='lat' dir='ltr'><strong><em>lege</em></strong></span> 
     </span>
     <span class='ocr_line' id='line_1_4' title="bbox 126 645 2375 753; baseline -0 -37"><span class='ocrx_word' id='word_1_12' title='bbox 126 671 178 716; x_wconf 89' lang='lat' dir='ltr'><strong><em>a</em></strong></span> <span class='ocrx_word' id='word_1_13' title='bbox 224 650 310 727; x_wconf 80' lang='grc' dir='ltr'><strong><em>Ρ.</em></strong></span> <span class='ocrx_word' id='word_1_14' title='bbox 360 645 613 717; x_wconf 85' lang='lat' dir='ltr'><strong><em>Clodio</em></strong></span> <span class='ocrx_word' id='word_1_15' title='bbox 670 646 959 721; x_wconf 75' lang='lat' dir='ltr'><strong><em>tribuno</em></strong></span> <span class='ocrx_word' id='word_1_16' title='bbox 1022 647 1246 735; x_wconf 81' lang='lat' dir='ltr'><strong><em>plebis</em></strong></span> <span class='ocrx_word' id='word_1_17' title='bbox 1304 649 1513 737; x_wconf 73' lang='lat' dir='ltr'><strong><em>lota,</em></strong></span> <span class='ocrx_word' id='word_1_18' title='bbox 1591 648 1791 740; x_wconf 82' lang='lat' dir='ltr'><strong><em>quod</em></strong></span> <span class='ocrx_word' id='word_1_19' title='bbox 1849 646 2319 718; x_wconf 73' lang='lat' dir='ltr'><strong><em>indemnatos</em></strong></span> <span class='ocrx_word' id='word_1_20' title='bbox 2370 746 2375 753; x_wconf 26' lang='grc' dir='ltr'>ι</span> 
     </span>
    </p>
   </div>
   <div class='ocr_carea' id='block_1_4' title="bbox 127 774 1800 861">
    <p class='ocr_par' dir='ltr' id='par_1_4' title="bbox 127 774 1800 861">
     <span class='ocr_line' id='line_1_5' title="bbox 127 774 1800 861; baseline 0.002 -21"><span class='ocrx_word' id='word_1_21' title='bbox 127 774 318 841; x_wconf 80' lang='lat' dir='ltr'><strong><em>cives</em></strong></span> <span class='ocrx_word' id='word_1_22' title='bbox 366 775 797 861; x_wconf 69' lang='lat' dir='ltr'><strong><em>necavisset,</em></strong></span> <span class='ocrx_word' id='word_1_23' title='bbox 846 777 920 844; x_wconf 88' lang='lat' dir='ltr'><strong><em>in</em></strong></span> <span class='ocrx_word' id='word_1_24' title='bbox 967 776 1308 842; x_wconf 73' lang='lat' dir='ltr'><strong><em>exsilium</em></strong></span> <span class='ocrx_word' id='word_1_25' title='bbox 1353 778 1630 844; x_wconf 76' lang='lat' dir='ltr'><strong><em>missus</em></strong></span> <span class='ocrx_word' id='word_1_26' title='bbox 1673 782 1800 844; x_wconf 80' lang='lat' dir='ltr'><strong><em>est.</em></strong></span> 
     </span>
    </p>
   </div>
   <div class='ocr_carea' id='block_1_5' title="bbox 1893 775 2319 862">
    <p class='ocr_par' dir='ltr' id='par_1_5' title="bbox 1893 775 2319 862">
     <span class='ocr_line' id='line_1_6' title="bbox 1893 775 2319 862; baseline 0.007 -21"><span class='ocrx_word' id='word_1_27' title='bbox 1893 775 2188 862; x_wconf 71' lang='lat' dir='ltr'><strong><em>Caesar,</em></strong></span> <span class='ocrx_word' id='word_1_28' title='bbox 2240 777 2319 845; x_wconf 81' lang='lat' dir='ltr'><strong><em>in</em></strong></span> 
     </span>
    </p>
   </div>
   <div class='ocr_carea' id='block_1_6' title="bbox 124 900 2383 1121">
    <p class='ocr_par' dir='ltr' id='par_1_6' title="bbox 124 900 2383 1121">
     <span class='ocr_line' id='line_1_7' title="bbox 124 900 2383 995; baseline 0.001 -25"><span class='ocrx_word' id='word_1_29' title='bbox 124 901 578 990; x_wconf 76' lang='lat' dir='ltr'><strong><em>provinciam</em></strong></span> <span class='ocrx_word' id='word_1_30' title='bbox 610 900 931 968; x_wconf 83' lang='lat' dir='ltr'><strong><em>Galliam</em></strong></span> <span class='ocrx_word' id='word_1_31' title='bbox 960 901 1347 990; x_wconf 79' lang='lat' dir='ltr'><strong><em>profectus,</em></strong></span> <span class='ocrx_word' id='word_1_32' title='bbox 1410 901 1802 988; x_wconf 70' lang='lat' dir='ltr'><strong><em>HelvetioS,</em></strong></span> <span class='ocrx_word' id='word_1_33' title='bbox 1854 924 2114 994; x_wconf 78' lang='lat' dir='ltr'><strong><em>vagam</em></strong></span> <span class='ocrx_word' id='word_1_34' title='bbox 2151 922 2320 995; x_wconf 81' lang='lat' dir='ltr'><strong><em>gen·</em></strong></span> <span class='ocrx_word' id='word_1_35' title='bbox 2375 907 2383 918; x_wconf 86' lang='lat'><em>&#39;</em></span> 
     </span>
     <span class='ocr_line' id='line_1_8' title="bbox 130 1012 2321 1121; baseline 0.002 -26"><span class='ocrx_word' id='word_1_36' title='bbox 130 1034 328 1113; x_wconf 78' lang='lat' dir='ltr'><strong><em>temz,</em></strong></span> <span class='ocrx_word' id='word_1_37' title='bbox 392 1024 725 1100; x_wconf 81' lang='lat' dir='ltr'><strong><em>domuit.-</em></strong></span> <span class='ocrx_word' id='word_1_38' title='bbox 789 1049 1021 1115; x_wconf 81' lang='lat' dir='ltr'><strong><em>quae,</em></strong></span> <span class='ocrx_word' id='word_1_39' title='bbox 1090 1027 1338 1097; x_wconf 81' lang='lat' dir='ltr'><strong><em>sedem</em></strong></span> <span class='ocrx_word' id='word_1_40' title='bbox 1400 1046 1790 1115; x_wconf 71' lang='lat' dir='ltr'><strong><em>quaerenS,</em></strong></span> <span class='ocrx_word' id='word_1_41' title='bbox 1860 1012 1985 1118; x_wconf 69' lang='lat' dir='ltr'><strong><em>&#39;per</em></strong></span> <span class='ocrx_word' id='word_1_42' title='bbox 2037 1033 2321 1121; x_wconf 81' lang='lat' dir='ltr'><strong><em>provin·</em></strong></span> 
     </span>
    </p>
   </div>
   <div class='ocr_carea' id='block_1_7' title="bbox 134 1152 1988 1244">
    <p class='ocr_par' dir='ltr' id='par_1_7' title="bbox 134 1152 1988 1244">
     <span class='ocr_line' id='line_1_9' title="bbox 134 1152 1988 1244; baseline 0.005 -24"><span class='ocrx_word' id='word_1_43' title='bbox 134 1157 333 1222; x_wconf 85' lang='lat' dir='ltr'><strong><em>ciam</em></strong></span> <span class='ocrx_word' id='word_1_44' title='bbox 381 1152 712 1223; x_wconf 81' lang='lat' dir='ltr'><strong><em>Caesaris</em></strong></span> <span class='ocrx_word' id='word_1_45' title='bbox 760 1153 1170 1224; x_wconf 81' lang='lat' dir='ltr'><strong><em>Narbonem</em></strong></span> <span class='ocrx_word' id='word_1_46' title='bbox 1223 1156 1359 1244; x_wconf 80' lang='lat' dir='ltr'><strong><em>iter</em></strong></span> <span class='ocrx_word' id='word_1_47' title='bbox 1393 1152 1644 1237; x_wconf 80' lang='lat' dir='ltr'><strong><em>facere</em></strong></span> <span class='ocrx_word' id='word_1_48' title='bbox 1686 1156 1988 1229; x_wconf 75' lang='lat' dir='ltr'><strong><em>volebat.</em></strong></span> 
     </span>
    </p>
   </div>
   <div class='ocr_carea' id='block_1_8' title="bbox 85 1373 1209 3176">
    <p class='ocr_par' dir='ltr' id='par_1_8' title="bbox 85 1373 1207 2427">
     <span class='ocr_line' id='line_1_10' title="bbox 131 1373 1197 1459; baseline 0 -23"><span class='ocrx_word' id='word_1_49' title='bbox 131 1394 288 1436; x_wconf 73' lang='lat' dir='ltr'><strong><em>sem.</em></strong></span> <span class='ocrx_word' id='word_1_50' title='bbox 321 1373 383 1430; x_wconf 87' lang='lat' dir='ltr'><strong><em>in</em></strong></span> <span class='ocrx_word' id='word_1_51' title='bbox 400 1374 572 1431; x_wconf 83' lang='lat' dir='ltr'><strong><em>aliam</em></strong></span> <span class='ocrx_word' id='word_1_52' title='bbox 589 1385 734 1459; x_wconf 76' lang='lat' dir='ltr'><strong><em>puta</em></strong></span> <span class='ocrx_word' id='word_1_53' title='bbox 749 1374 1024 1447; x_wconf 79' lang='lat' dir='ltr'><strong><em>Galliam,</em></strong></span> <span class='ocrx_word' id='word_1_54' title='bbox 1086 1395 1197 1435; x_wconf 83' lang='lat' dir='ltr'><strong><em>nae</em></strong></span> 
     </span>
     <span class='ocr_line' id='line_1_11' title="bbox 132 1445 1200 1519; baseline -0.003 -18"><span class='ocrx_word' id='word_1_55' title='bbox 132 1464 254 1503; x_wconf 83' lang='lat' dir='ltr'><strong><em>non</em></strong></span> <span class='ocrx_word' id='word_1_56' title='bbox 284 1456 415 1500; x_wconf 78' lang='lat' dir='ltr'><strong><em>erat</em></strong></span> <span class='ocrx_word' id='word_1_57' title='bbox 445 1445 771 1519; x_wconf 74' lang='lat' dir='ltr'><strong><em>provincia.</em></strong></span> <span class='ocrx_word' id='word_1_58' title='bbox 810 1449 863 1502; x_wconf 86' lang='lat' dir='ltr'><strong><em>J.</em></strong></span> <span class='ocrx_word' id='word_1_59' title='bbox 877 1448 1066 1505; x_wconf 87' lang='lat' dir='ltr'><strong><em>FR.G</em></strong></span> <span class='ocrx_word' id='word_1_60' title='bbox 1123 1450 1200 1503; x_wconf 87' lang='grc' dir='ltr'><strong><em>Ο.</em></strong></span> 
     </span>
     <span class='ocr_line' id='line_1_12' title="bbox 134 1516 1200 1583; baseline -0.002 -10"><span class='ocrx_word' id='word_1_61' title='bbox 134 1517 321 1573; x_wconf 79' lang='lat' dir='ltr'><strong>NOV.</strong></span> <span class='ocrx_word' id='word_1_62' title='bbox 375 1516 793 1583; x_wconf 72' lang='lat' dir='ltr'><strong><em>conjecturam</em></strong></span> <span class='ocrx_word' id='word_1_63' title='bbox 817 1517 1111 1571; x_wconf 75' lang='lat' dir='ltr'><strong><em>Gronovii</em></strong></span> <span class='ocrx_word' id='word_1_64' title='bbox 1138 1517 1200 1571; x_wconf 90' lang='lat' dir='ltr'><strong><em>in</em></strong></span> 
     </span>
     <span class='ocr_line' id='line_1_13' title="bbox 134 1583 1201 1655; baseline -0.001 -15"><span class='ocrx_word' id='word_1_65' title='bbox 134 1593 476 1640; x_wconf 80' lang='lat' dir='ltr'><strong><em>&#39;contextum</em></strong></span> <span class='ocrx_word' id='word_1_66' title='bbox 493 1583 724 1655; x_wconf 88' lang='lat' dir='ltr'><strong><em>recepit</em></strong></span> <span class='ocrx_word' id='word_1_67' title='bbox 744 1583 1010 1639; x_wconf 76' lang='lat' dir='ltr'><strong><em>Clericus</em></strong></span> <span class='ocrx_word' id='word_1_68' title='bbox 1025 1624 1045 1652; x_wconf 91' lang='lat'><strong><em>,</em></strong></span> <span class='ocrx_word' id='word_1_69' title='bbox 1077 1604 1201 1640; x_wconf 88' lang='lat' dir='ltr'><strong><em>non</em></strong></span> 
     </span>
     <span class='ocr_line' id='line_1_14' title="bbox 134 1644 1202 1712; baseline 0.003 -3"><span class='ocrx_word' id='word_1_70' title='bbox 134 1653 367 1709; x_wconf 76' lang='lat' dir='ltr'><strong><em>monito</em></strong></span> <span class='ocrx_word' id='word_1_71' title='bbox 392 1653 656 1708; x_wconf 83' lang='lat' dir='ltr'><strong><em>lectore.&#39;</em></strong></span> <span class='ocrx_word' id='word_1_72' title='bbox 695 1644 815 1708; x_wconf 84' lang='lat' dir='ltr'><strong><em>Sed</em></strong></span> <span class='ocrx_word' id='word_1_73' title='bbox 843 1653 1202 1712; x_wconf 79' lang='lat' dir='ltr'><strong><em>Narbonem</em></strong></span> 
     </span>
     <span class='ocr_line' id='line_1_15' title="bbox 138 1722 1205 1794; baseline -0.002 -15"><span class='ocrx_word' id='word_1_74' title='bbox 138 1731 380 1779; x_wconf 82' lang='lat' dir='ltr'><strong><em>servant</em></strong></span> <span class='ocrx_word' id='word_1_75' title='bbox 420 1739 625 1776; x_wconf 83' lang='lat' dir='ltr'><strong><em>omnes</em></strong></span> <span class='ocrx_word' id='word_1_76' title='bbox 661 1722 911 1794; x_wconf 81' lang='lat' dir='ltr'><strong><em>scripti,</em></strong></span> <span class='ocrx_word' id='word_1_77' title='bbox 1007 1734 1205 1779; x_wconf 69' lang='lat' dir='ltr'><strong><em>taeter</em></strong></span> 
     </span>
     <span class='ocr_line' id='line_1_16' title="bbox 140 1790 1202 1864; baseline -0.002 -16"><span class='ocrx_word' id='word_1_78' title='bbox 140 1791 331 1848; x_wconf 80' lang='lat' dir='ltr'><strong><em>solum</em></strong></span> <span class='ocrx_word' id='word_1_79' title='bbox 355 1790 523 1847; x_wconf 88' lang='lat' dir='ltr'><strong><em>Leid.</em></strong></span> <span class='ocrx_word' id='word_1_80' title='bbox 561 1791 661 1864; x_wconf 86' lang='lat' dir='ltr'><strong><em>qui</em></strong></span> <span class='ocrx_word' id='word_1_81' title='bbox 697 1809 907 1847; x_wconf 82' lang='lat' dir='ltr'><strong><em>vocem</em></strong></span> <span class='ocrx_word' id='word_1_82' title='bbox 940 1794 1103 1847; x_wconf 88' lang='lat' dir='ltr'><strong><em>ilam</em></strong></span> <span class='ocrx_word' id='word_1_83' title='bbox 1136 1811 1202 1846; x_wconf 88' lang='lat' dir='ltr'><strong><em>o-</em></strong></span> 
     </span>
     <span class='ocr_line' id='line_1_17' title="bbox 145 1859 1206 1935; baseline 0.001 -20"><span class='ocrx_word' id='word_1_84' title='bbox 145 1859 322 1915; x_wconf 85' lang='lat' dir='ltr'><strong><em>misit.</em></strong></span> <span class='ocrx_word' id='word_1_85' title='bbox 373 1861 566 1915; x_wconf 77' lang='lat' dir='ltr'><strong><em>Potest</em></strong></span> <span class='ocrx_word' id='word_1_86' title='bbox 594 1859 771 1914; x_wconf 87' lang='lat' dir='ltr'><strong><em>etiam</em></strong></span> <span class='ocrx_word' id='word_1_87' title='bbox 799 1862 991 1918; x_wconf 81' lang='lat' dir='ltr'><strong><em>abess&#39;e</em></strong></span> <span class='ocrx_word' id='word_1_88' title='bbox 1010 1900 1028 1929; x_wconf 94' lang='lat'><strong><em>,</em></strong></span> <span class='ocrx_word' id='word_1_89' title='bbox 1066 1861 1206 1935; x_wconf 78' lang='lat' dir='ltr'><strong><em>quia</em></strong></span> 
     </span>
     <span class='ocr_line' id='line_1_18' title="bbox 85 1929 1204 2002; baseline 0.004 -19"><span class='ocrx_word' id='word_1_90' title='bbox 85 1995 93 2002; x_wconf 29' lang='lat'>⁸</span> <span class='ocrx_word' id='word_1_91' title='bbox 138 1930 259 2002; x_wconf 82' lang='lat' dir='ltr'><strong><em>jam</em></strong></span> <span class='ocrx_word' id='word_1_92' title='bbox 276 1929 695 1999; x_wconf 77' lang='lat' dir='ltr'><strong><em>praecefferat,</em></strong></span> <span class='ocrx_word' id='word_1_93' title='bbox 728 1929 964 1988; x_wconf 77' lang='lat' dir='ltr'><strong><em>Caesar</em></strong></span> <span class='ocrx_word' id='word_1_94' title='bbox 981 1936 1047 1990; x_wconf 88' lang='lat' dir='ltr'><strong><em>in</em></strong></span> <span class='ocrx_word' id='word_1_95' title='bbox 1109 1951 1204 1987; x_wconf 86' lang='lat' dir='ltr'><strong><em>ro·</em></strong></span> 
     </span>
     <span class='ocr_line' id='line_1_19' title="bbox 139 1996 1207 2079; baseline -0.004 -23"><span class='ocrx_word' id='word_1_96' title='bbox 139 1996 1054 2079; x_wconf 62' lang='lat' dir='ltr'><strong><em>vineiamGalliamprofectus.</em></strong></span> <span class='ocrx_word' id='word_1_97' title='bbox 1112 2016 1207 2054; x_wconf 85' lang='lat' dir='ltr'><strong><em>or-</em></strong></span> 
     </span>
     <span class='ocr_line' id='line_1_20' title="bbox 136 2068 1206 2145; baseline 0.002 -23"><span class='ocrx_word' id='word_1_98' title='bbox 136 2079 199 2124; x_wconf 83' lang='lat' dir='ltr'><strong><em>te</em></strong></span> <span class='ocrx_word' id='word_1_99' title='bbox 243 2078 429 2141; x_wconf 71' lang='lat' dir='ltr'><strong><em>igitur</em></strong></span> <span class='ocrx_word' id='word_1_100' title='bbox 460 2084 529 2121; x_wconf 81' lang='lat' dir='ltr'><strong><em>ex</em></strong></span> <span class='ocrx_word' id='word_1_101' title='bbox 565 2068 835 2140; x_wconf 79' lang='lat' dir='ltr'><strong><em>margine</em></strong></span> <span class='ocrx_word' id='word_1_102' title='bbox 869 2068 930 2122; x_wconf 87' lang='lat' dir='ltr'><strong><em>in</em></strong></span> <span class='ocrx_word' id='word_1_103' title='bbox 968 2080 1206 2145; x_wconf 77' lang='lat' dir='ltr'><strong><em>cpntex·</em></strong></span> 
     </span>
     <span class='ocr_line' id='line_1_21' title="bbox 136 2135 1201 2208; baseline 0.003 -18"><span class='ocrx_word' id='word_1_104' title='bbox 136 2146 267 2193; x_wconf 82' lang='lat' dir='ltr'><strong><em>tum</em></strong></span> <span class='ocrx_word' id='word_1_105' title='bbox 303 2135 577 2207; x_wconf 82' lang='lat' dir='ltr'><strong><em>inrepsit.</em></strong></span> <span class='ocrx_word' id='word_1_106' title='bbox 652 2135 969 2208; x_wconf 81' lang='lat' dir='ltr'><strong><em>Sequentia</em></strong></span> <span class='ocrx_word' id='word_1_107' title='bbox 1010 2141 1201 2197; x_wconf 83' lang='lat' dir='ltr'><strong><em>Prae-</em></strong></span> 
     </span>
     <span class='ocr_line' id='line_1_22' title="bbox 138 2203 1204 2265; baseline -0.001 -1"><span class='ocrx_word' id='word_1_108' title='bbox 138 2214 317 2264; x_wconf 80' lang='lat' dir='ltr'><strong><em>terea</em></strong></span> <span class='ocrx_word' id='word_1_109' title='bbox 361 2205 557 2262; x_wconf 78' lang='lat' dir='ltr'><strong><em>situm</em></strong></span> <span class='ocrx_word' id='word_1_110' title='bbox 598 2203 960 2263; x_wconf 78' lang='lat' dir='ltr'><strong><em>Galliarum</em></strong></span> <span class='ocrx_word' id='word_1_111' title='bbox 1008 2209 1204 2265; x_wconf 84' lang='lat' dir='ltr'><strong><em>conti·</em></strong></span> 
     </span>
     <span class='ocr_line' id='line_1_23' title="bbox 137 2270 1203 2349; baseline -0.004 -17"><span class='ocrx_word' id='word_1_112' title='bbox 137 2283 248 2332; x_wconf 78' lang='lat' dir='ltr'><strong><em>net</em></strong></span> <span class='ocrx_word' id='word_1_113' title='bbox 280 2292 404 2329; x_wconf 85' lang='lat' dir='ltr'><strong><em>non</em></strong></span> <span class='ocrx_word' id='word_1_114' title='bbox 439 2270 728 2346; x_wconf 80' lang='lat' dir='ltr'><strong><em>adparent</em></strong></span> <span class='ocrx_word' id='word_1_115' title='bbox 760 2277 822 2329; x_wconf 84' lang='lat' dir='ltr'><strong><em>in</em></strong></span> <span class='ocrx_word' id='word_1_116' title='bbox 842 2274 1013 2332; x_wconf 87' lang='lat' dir='ltr'><strong><em>Leid.</em></strong></span> <span class='ocrx_word' id='word_1_117' title='bbox 1052 2292 1203 2349; x_wconf 85' lang='lat' dir='ltr'><strong><em>quae</em></strong></span> 
     </span>
     <span class='ocr_line' id='line_1_24' title="bbox 139 2340 1203 2427; baseline -0.002 -29"><span class='ocrx_word' id='word_1_118' title='bbox 139 2343 367 2398; x_wconf 82' lang='lat' dir='ltr'><strong><em>rectius</em></strong></span> <span class='ocrx_word' id='word_1_119' title='bbox 415 2341 476 2396; x_wconf 89' lang='lat' dir='ltr'><strong><em>in</em></strong></span> <span class='ocrx_word' id='word_1_120' title='bbox 522 2340 797 2399; x_wconf 82' lang='lat' dir='ltr'><strong><em>omnibus</em></strong></span> <span class='ocrx_word' id='word_1_121' title='bbox 834 2344 1080 2427; x_wconf 72' lang='lat' dir='ltr'><strong><em>reliquis</em></strong></span> <span class='ocrx_word' id='word_1_122' title='bbox 1112 2361 1203 2398; x_wconf 85' lang='lat' dir='ltr'><strong><em>su-</em></strong></span> 
     </span>
    </p>

    <p class='ocr_par' dir='ltr' id='par_1_9' title="bbox 186 2410 1200 2481">
     <span class='ocr_line' id='line_1_25' title="bbox 186 2410 1200 2481; baseline -0.002 -15"><span class='ocrx_word' id='word_1_123' title='bbox 186 2421 418 2481; x_wconf 78' lang='lat' dir='ltr'><strong><em>ersunt.</em></strong></span> <span class='ocrx_word' id='word_1_124' title='bbox 471 2410 687 2467; x_wconf 84' lang='lat' dir='ltr'><strong><em>Verius</em></strong></span> <span class='ocrx_word' id='word_1_125' title='bbox 736 2412 891 2467; x_wconf 89' lang='lat' dir='ltr'><strong><em>enim</em></strong></span> <span class='ocrx_word' id='word_1_126' title='bbox 935 2413 1200 2478; x_wconf 73' lang='lat' dir='ltr'><strong><em>videtur,</em></strong></span> 
     </span>
    </p>

    <p class='ocr_par' dir='ltr' id='par_1_10' title="bbox 135 2479 1209 3176">
     <span class='ocr_line' id='line_1_26' title="bbox 189 2479 1202 2554; baseline 0.001 -20"><span class='ocrx_word' id='word_1_127' title='bbox 189 2481 376 2534; x_wconf 81' lang='lat' dir='ltr'><strong><em>ivium</em></strong></span> <span class='ocrx_word' id='word_1_128' title='bbox 418 2479 495 2534; x_wconf 86' lang='lat' dir='ltr'><strong><em>ad</em></strong></span> <span class='ocrx_word' id='word_1_129' title='bbox 532 2482 860 2554; x_wconf 83' lang='lat' dir='ltr'><strong><em>exemplum</em></strong></span> <span class='ocrx_word' id='word_1_130' title='bbox 899 2481 1202 2544; x_wconf 84' lang='lat' dir='ltr'><strong><em>Caesaris,</em></strong></span> 
     </span>
     <span class='ocr_line' id='line_1_27' title="bbox 137 2547 1206 2623; baseline -0.005 -17"><span class='ocrx_word' id='word_1_131' title='bbox 137 2561 463 2623; x_wconf 77' lang='lat' dir='ltr'><strong><em>antequam</em></strong></span> <span class='ocrx_word' id='word_1_132' title='bbox 505 2549 649 2604; x_wconf 87' lang='lat' dir='ltr'><strong><em>belli</em></strong></span> <span class='ocrx_word' id='word_1_133' title='bbox 686 2547 818 2604; x_wconf 87' lang='lat' dir='ltr'><strong><em>cum</em></strong></span> <span class='ocrx_word' id='word_1_134' title='bbox 846 2550 1029 2606; x_wconf 88' lang='lat' dir='ltr'><strong><em>Gallis</em></strong></span> <span class='ocrx_word' id='word_1_135' title='bbox 1071 2548 1206 2623; x_wconf 79' lang='lat' dir='ltr'><strong><em>gesti</em></strong></span> 
     </span>
     <span class='ocr_line' id='line_1_28' title="bbox 135 2619 1207 2685; baseline -0.005 -9"><span class='ocrx_word' id='word_1_136' title='bbox 135 2619 268 2676; x_wconf 76' lang='lat' dir='ltr'><strong><em>fata</em></strong></span> <span class='ocrx_word' id='word_1_137' title='bbox 293 2628 670 2685; x_wconf 81' lang='lat' dir='ltr'><strong><em>recenseret,</em></strong></span> <span class='ocrx_word' id='word_1_138' title='bbox 707 2621 954 2675; x_wconf 84' lang='lat' dir='ltr'><strong><em>brevem</em></strong></span> <span class='ocrx_word' id='word_1_139' title='bbox 978 2620 1207 2675; x_wconf 82' lang='lat' dir='ltr'><strong><em>Galliae</em></strong></span> 
     </span>
     <span class='ocr_line' id='line_1_29' title="bbox 136 2685 1207 2760; baseline -0.001 -16"><span class='ocrx_word' id='word_1_140' title='bbox 136 2685 608 2760; x_wconf 78' lang='lat' dir='ltr'><strong><em>descriptionem</em></strong></span> <span class='ocrx_word' id='word_1_141' title='bbox 625 2687 1020 2760; x_wconf 72' lang='lat' dir='ltr'><strong><em>praemisisse,</em></strong></span> <span class='ocrx_word' id='word_1_142' title='bbox 1057 2692 1207 2760; x_wconf 83' lang='lat' dir='ltr'><strong><em>ejus·</em></strong></span> 
     </span>
     <span class='ocr_line' id='line_1_30' title="bbox 137 2757 1207 2831; baseline 0.001 -21"><span class='ocrx_word' id='word_1_143' title='bbox 137 2775 259 2831; x_wconf 77' lang='lat' dir='ltr'><strong><em>que</em></strong></span> <span class='ocrx_word' id='word_1_144' title='bbox 308 2761 615 2810; x_wconf 67' lang='lat' dir='ltr'><strong><em>auctorem</em></strong></span> <span class='ocrx_word' id='word_1_145' title='bbox 650 2757 1059 2829; x_wconf 85' lang='lat' dir='ltr'><strong><em>Epitomarum</em></strong></span> <span class='ocrx_word' id='word_1_146' title='bbox 1099 2775 1207 2812; x_wconf 86' lang='lat' dir='ltr'><strong><em>no·</em></strong></span> 
     </span>
     <span class='ocr_line' id='line_1_31' title="bbox 139 2824 1207 2902; baseline -0.001 -20"><span class='ocrx_word' id='word_1_147' title='bbox 139 2825 409 2882; x_wconf 81' lang='lat' dir='ltr'><strong><em>minatim</em></strong></span> <span class='ocrx_word' id='word_1_148' title='bbox 423 2824 1207 2902; x_wconf 69' lang='lat' dir='ltr'><strong><em>mentionemfecill&#39;e‚quem·</em></strong></span> 
     </span>
     <span class='ocr_line' id='line_1_32' title="bbox 138 2892 1206 2961; baseline 0 -13"><span class='ocrx_word' id='word_1_149' title='bbox 138 2892 467 2961; x_wconf 76' lang='lat' dir='ltr'><strong><em>admodum</em></strong></span> <span class='ocrx_word' id='word_1_150' title='bbox 499 2892 672 2950; x_wconf 85' lang='lat' dir='ltr'><strong><em>etiam</em></strong></span> <span class='ocrx_word' id='word_1_151' title='bbox 703 2895 937 2951; x_wconf 84' lang='lat' dir='ltr'><strong><em>ratione</em></strong></span> <span class='ocrx_word' id='word_1_152' title='bbox 966 2900 1206 2952; x_wconf 87' lang='lat' dir='ltr'><strong><em>Germa·</em></strong></span> 
     </span>
     <span class='ocr_line' id='line_1_33' title="bbox 138 2962 1209 3038; baseline 0.002 -22"><span class='ocrx_word' id='word_1_153' title='bbox 138 2963 281 3023; x_wconf 77' lang='lat' dir='ltr'><strong><em>niae</em></strong></span> <span class='ocrx_word' id='word_1_154' title='bbox 312 2962 458 3020; x_wconf 83' lang='lat' dir='ltr'><strong><em>fecit</em></strong></span> <span class='ocrx_word' id='word_1_155' title='bbox 489 2962 545 3015; x_wconf 88' lang='lat' dir='ltr'><strong><em>in</em></strong></span> <span class='ocrx_word' id='word_1_156' title='bbox 576 2962 751 3017; x_wconf 88' lang='lat' dir='ltr'><strong><em>initio</em></strong></span> <span class='ocrx_word' id='word_1_157' title='bbox 775 2964 883 3019; x_wconf 84' lang='lat' dir='ltr'><strong><em>lib.</em></strong></span> <span class='ocrx_word' id='word_1_158' title='bbox 905 2983 1029 3038; x_wconf 87' lang='lat' dir='ltr'><strong><em>seq.</em></strong></span> <span class='ocrx_word' id='word_1_159' title='bbox 1069 2965 1209 3022; x_wconf 88' lang='lat' dir='ltr'><strong><em>Pri·</em></strong></span> 
     </span>
     <span class='ocr_line' id='line_1_34' title="bbox 145 3030 1209 3106; baseline 0 -17"><span class='ocrx_word' id='word_1_160' title='bbox 145 3052 258 3093; x_wconf 82' lang='lat' dir='ltr'><strong><em>ma</em></strong></span> <span class='ocrx_word' id='word_1_161' title='bbox 275 3052 426 3106; x_wconf 84' lang='lat' dir='ltr'><strong><em>pars</em></strong></span> <span class='ocrx_word' id='word_1_162' title='bbox 446 3030 601 3088; x_wconf 85' lang='lat' dir='ltr'><strong><em>libri</em></strong></span> <span class='ocrx_word' id='word_1_163' title='bbox 616 3034 811 3089; x_wconf 82' lang='lat' dir='ltr'><strong><em>sitnm</em></strong></span> <span class='ocrx_word' id='word_1_164' title='bbox 833 3033 1209 3093; x_wconf 78' lang='lat' dir='ltr'><strong><em>Germaniae</em></strong></span> 
     </span>
     <span class='ocr_line' id='line_1_35' title="bbox 142 3104 798 3176; baseline -0.006 -16"><span class='ocrx_word' id='word_1_165' title='bbox 142 3119 477 3176; x_wconf 80' lang='lat' dir='ltr'><strong><em>moresque</em></strong></span> <span class='ocrx_word' id='word_1_166' title='bbox 502 3104 798 3158; x_wconf 84' lang='lat' dir='ltr'><strong><em>continet.</em></strong></span> 
     </span>
    </p>
   </div>
   <div class='ocr_carea' id='block_1_9' title="bbox 139 3234 1228 4209">
    <p class='ocr_par' dir='ltr' id='par_1_11' title="bbox 139 3234 1228 4209">
     <span class='ocr_line' id='line_1_36' title="bbox 214 3234 1209 3311; baseline 0.002 -16"><span class='ocrx_word' id='word_1_167' title='bbox 214 3234 561 3311; x_wconf 70' lang='lat' dir='ltr'><strong><em>Pompeius</em></strong></span> <span class='ocrx_word' id='word_1_168' title='bbox 590 3239 666 3297; x_wconf 79' lang='lat' dir='ltr'><strong><em>de</em></strong></span> <span class='ocrx_word' id='word_1_169' title='bbox 698 3234 918 3297; x_wconf 82' lang='lat' dir='ltr'><strong><em>liberis</em></strong></span> <span class='ocrx_word' id='word_1_170' title='bbox 943 3239 1209 3297; x_wconf 77' lang='lat' dir='ltr'><strong><em>Mithri-</em></strong></span> 
     </span>
     <span class='ocr_line' id='line_1_37' title="bbox 143 3308 1209 3383; baseline -0.003 -16"><span class='ocrx_word' id='word_1_171' title='bbox 143 3308 346 3378; x_wconf 76' lang='lat' dir='ltr'><strong><em>datis,</em></strong></span> <span class='ocrx_word' id='word_1_172' title='bbox 396 3310 690 3382; x_wconf 79' lang='lat' dir='ltr'><strong><em>Tigrane,</em></strong></span> <span class='ocrx_word' id='word_1_173' title='bbox 729 3317 791 3364; x_wconf 85' lang='lat' dir='ltr'><strong><em>et</em></strong></span> <span class='ocrx_word' id='word_1_174' title='bbox 816 3310 1209 3383; x_wconf 80' lang='lat' dir='ltr'><strong><em>Tigranisfi-</em></strong></span> 
     </span>
     <span class='ocr_line' id='line_1_38' title="bbox 142 3377 1209 3450; baseline -0.002 -15"><span class='ocrx_word' id='word_1_175' title='bbox 142 3379 276 3444; x_wconf 80' lang='lat' dir='ltr'><strong><em>lia,</em></strong></span> <span class='ocrx_word' id='word_1_176' title='bbox 324 3377 774 3450; x_wconf 78' lang='lat' dir='ltr'><strong><em>triumphavit]</em></strong></span> <span class='ocrx_word' id='word_1_177' title='bbox 821 3380 979 3432; x_wconf 83' lang='lat' dir='ltr'><strong><em>Haec</em></strong></span> <span class='ocrx_word' id='word_1_178' title='bbox 1023 3379 1209 3433; x_wconf 86' lang='lat' dir='ltr'><strong><em>verba</em></strong></span> 
     </span>
     <span class='ocr_line' id='line_1_39' title="bbox 140 3446 1212 3516; baseline -0.005 -11"><span class='ocrx_word' id='word_1_179' title='bbox 140 3465 272 3505; x_wconf 76' lang='lat' dir='ltr'><strong><em>non</em></strong></span> <span class='ocrx_word' id='word_1_180' title='bbox 304 3457 452 3516; x_wconf 88' lang='lat' dir='ltr'><strong><em>puto</em></strong></span> <span class='ocrx_word' id='word_1_181' title='bbox 487 3463 592 3501; x_wconf 88' lang='lat' dir='ltr'><strong><em>suo</em></strong></span> <span class='ocrx_word' id='word_1_182' title='bbox 625 3447 762 3500; x_wconf 87' lang='lat' dir='ltr'><strong><em>loco</em></strong></span> <span class='ocrx_word' id='word_1_183' title='bbox 795 3446 904 3503; x_wconf 87' lang='lat' dir='ltr'><strong><em>sita</em></strong></span> <span class='ocrx_word' id='word_1_184' title='bbox 932 3462 1082 3500; x_wconf 81' lang='lat' dir='ltr'><strong><em>esse.</em></strong></span> <span class='ocrx_word' id='word_1_185' title='bbox 1133 3447 1212 3501; x_wconf 89' lang='lat' dir='ltr'><strong><em>Ut</em></strong></span> 
     </span>
     <span class='ocr_line' id='line_1_40' title="bbox 143 3513 1213 3587; baseline -0.001 -17"><span class='ocrx_word' id='word_1_186' title='bbox 143 3515 232 3571; x_wconf 82' lang='lat' dir='ltr'><strong><em>ita</em></strong></span> <span class='ocrx_word' id='word_1_187' title='bbox 260 3513 549 3583; x_wconf 69' lang='lat' dir='ltr'><strong><em>sentiam,</em></strong></span> <span class='ocrx_word' id='word_1_188' title='bbox 597 3533 689 3574; x_wconf 83' lang='lat' dir='ltr'><strong><em>me</em></strong></span> <span class='ocrx_word' id='word_1_189' title='bbox 720 3513 1008 3587; x_wconf 87' lang='lat' dir='ltr'><strong><em>impellit,</em></strong></span> <span class='ocrx_word' id='word_1_190' title='bbox 1048 3513 1213 3585; x_wconf 79' lang='lat' dir='ltr'><strong><em>quod</em></strong></span> 
     </span>
     <span class='ocr_line' id='line_1_41' title="bbox 143 3582 1211 3650; baseline 0 -10"><span class='ocrx_word' id='word_1_191' title='bbox 143 3585 366 3640; x_wconf 83' lang='lat' dir='ltr'><strong><em>Cicero</em></strong></span> <span class='ocrx_word' id='word_1_192' title='bbox 384 3583 494 3638; x_wconf 89' lang='lat' dir='ltr'><strong><em>lib.</em></strong></span> <span class='ocrx_word' id='word_1_193' title='bbox 521 3604 568 3636; x_wconf 85' lang='grc' dir='ltr'><strong><em>ι.</em></strong></span> <span class='ocrx_word' id='word_1_194' title='bbox 589 3582 662 3638; x_wconf 88' lang='lat' dir='ltr'><strong><em>ad</em></strong></span> <span class='ocrx_word' id='word_1_195' title='bbox 677 3583 955 3650; x_wconf 81' lang='lat' dir='ltr'><strong><em>Atticum,</em></strong></span> <span class='ocrx_word' id='word_1_196' title='bbox 984 3584 1211 3640; x_wconf 78' lang='lat' dir='ltr'><strong><em>Plinius</em></strong></span> 
     </span>
     <span class='ocr_line' id='line_1_42' title="bbox 139 3652 1210 3718; baseline -0.007 -6"><span class='ocrx_word' id='word_1_197' title='bbox 139 3654 255 3712; x_wconf 83' lang='lat' dir='ltr'><strong><em>lib.</em></strong></span> <span class='ocrx_word' id='word_1_198' title='bbox 279 3672 335 3718; x_wconf 78' lang='lat'><strong><em>¹7.</em></strong></span> <span class='ocrx_word' id='word_1_199' title='bbox 371 3671 426 3706; x_wconf 88' lang='lat' dir='ltr'><strong><em>c.</em></strong></span> <span class='ocrx_word' id='word_1_200' title='bbox 448 3654 535 3710; x_wconf 80' lang='lat'><strong><em>25.</em></strong></span> <span class='ocrx_word' id='word_1_201' title='bbox 568 3662 626 3710; x_wconf 78' lang='lat' dir='ltr'><strong><em>et</em></strong></span> <span class='ocrx_word' id='word_1_202' title='bbox 652 3652 760 3707; x_wconf 86' lang='lat' dir='ltr'><strong><em>lib.</em></strong></span> <span class='ocrx_word' id='word_1_203' title='bbox 790 3653 879 3709; x_wconf 80' lang='lat'><strong><em>38.</em></strong></span> <span class='ocrx_word' id='word_1_204' title='bbox 912 3670 967 3705; x_wconf 90' lang='lat' dir='ltr'><strong><em>c.</em></strong></span> <span class='ocrx_word' id='word_1_205' title='bbox 990 3671 1041 3708; x_wconf 70' lang='grc' dir='ltr'><strong><em>α.</em></strong></span> <span class='ocrx_word' id='word_1_206' title='bbox 1099 3653 1210 3706; x_wconf 84' lang='lat' dir='ltr'><strong><em>Ca-</em></strong></span> 
     </span>
     <span class='ocr_line' id='line_1_43' title="bbox 141 3720 1213 3797; baseline -0.001 -21"><span class='ocrx_word' id='word_1_207' title='bbox 141 3720 547 3797; x_wconf 66' lang='lat' dir='ltr'><strong><em>pitolinomm</em></strong></span> <span class='ocrx_word' id='word_1_208' title='bbox 590 3721 1030 3795; x_wconf 85' lang='lat' dir='ltr'><strong><em>triumphorum</em></strong></span> <span class='ocrx_word' id='word_1_209' title='bbox 1067 3721 1213 3775; x_wconf 85' lang='lat' dir='ltr'><strong><em>scri-</em></strong></span> 
     </span>
     <span class='ocr_line' id='line_1_44' title="bbox 143 3788 1226 3867; baseline 0.001 -21"><span class='ocrx_word' id='word_1_210' title='bbox 143 3803 392 3867; x_wconf 77' lang='lat' dir='ltr'><strong><em>ptores,</em></strong></span> <span class='ocrx_word' id='word_1_211' title='bbox 442 3802 503 3846; x_wconf 88' lang='lat' dir='ltr'><strong><em>et</em></strong></span> <span class='ocrx_word' id='word_1_212' title='bbox 531 3788 761 3862; x_wconf 71' lang='lat' dir='ltr'><strong><em>reliqua</em></strong></span> <span class='ocrx_word' id='word_1_213' title='bbox 790 3791 985 3847; x_wconf 86' lang='lat' dir='ltr'><strong><em>omnia</em></strong></span> <span class='ocrx_word' id='word_1_214' title='bbox 1009 3791 1226 3847; x_wconf 42' lang='lat' dir='ltr'><strong><em>Romam</em></strong></span> 
     </span>
     <span class='ocr_line' id='line_1_45' title="bbox 143 3859 1228 3932; baseline -0.004 -15"><span class='ocrx_word' id='word_1_215' title='bbox 143 3878 263 3925; x_wconf 68' lang='lat' dir='ltr'><strong><em>nae</em></strong></span> <span class='ocrx_word' id='word_1_216' title='bbox 277 3859 553 3914; x_wconf 82' lang='lat' dir='ltr'><strong><em>historiae</em></strong></span> <span class='ocrx_word' id='word_1_217' title='bbox 571 3871 950 3914; x_wconf 83' lang='lat' dir='ltr'><strong><em>monumenta</em></strong></span> <span class='ocrx_word' id='word_1_218' title='bbox 965 3860 1228 3932; x_wconf 67' lang='lat' dir='ltr'><strong><em>loquum.</em></strong></span> 
     </span>
     <span class='ocr_line' id='line_1_46' title="bbox 142 3924 1216 3998; baseline -0.003 -13"><span class='ocrx_word' id='word_1_219' title='bbox 142 3940 272 3998; x_wconf 80' lang='lat' dir='ltr'><strong><em>tur,</em></strong></span> <span class='ocrx_word' id='word_1_220' title='bbox 311 3927 785 3998; x_wconf 81' lang='lat' dir='ltr'><strong><em>Cn.Pompejum</em></strong></span> <span class='ocrx_word' id='word_1_221' title='bbox 816 3924 889 3981; x_wconf 85' lang='lat' dir='ltr'><strong><em>de</em></strong></span> <span class='ocrx_word' id='word_1_222' title='bbox 907 3926 1216 3982; x_wconf 84' lang='lat' dir='ltr'><strong><em>Mithrida-</em></strong></span> 
     </span>
     <span class='ocr_line' id='line_1_47' title="bbox 143 3995 1220 4080; baseline -0.002 -28"><span class='ocrx_word' id='word_1_223' title='bbox 143 4009 208 4055; x_wconf 74' lang='lat' dir='ltr'><strong><em>te</em></strong></span> <span class='ocrx_word' id='word_1_224' title='bbox 236 4008 300 4052; x_wconf 87' lang='lat' dir='ltr'><strong><em>et</em></strong></span> <span class='ocrx_word' id='word_1_225' title='bbox 315 3995 457 4053; x_wconf 86' lang='lat' dir='ltr'><strong><em>Asia</em></strong></span> <span class='ocrx_word' id='word_1_226' title='bbox 476 3996 890 4080; x_wconf 80' lang='lat' dir='ltr'><strong><em>triumphasse,</em></strong></span> <span class='ocrx_word' id='word_1_227' title='bbox 926 3997 1139 4057; x_wconf 81' lang='lat' dir='ltr'><strong><em>Pisone</em></strong></span> <span class='ocrx_word' id='word_1_228' title='bbox 1162 4007 1220 4051; x_wconf 90' lang='lat' dir='ltr'><strong><em>et</em></strong></span> 
     </span>
     <span class='ocr_line' id='line_1_48' title="bbox 144 4065 1215 4127; baseline -0.003 -6"><span class='ocrx_word' id='word_1_229' title='bbox 144 4067 412 4127; x_wconf 79' lang='lat' dir='ltr'><strong><em>Mell&#39;alla</em></strong></span> <span class='ocrx_word' id='word_1_230' title='bbox 444 4065 812 4123; x_wconf 82' lang='lat' dir='ltr'><strong><em>consuhbus.</em></strong></span> <span class='ocrx_word' id='word_1_231' title='bbox 872 4067 942 4121; x_wconf 87' lang='lat' dir='ltr'><strong><em>In</em></strong></span> <span class='ocrx_word' id='word_1_232' title='bbox 973 4066 1084 4121; x_wconf 85' lang='lat' dir='ltr'><strong><em>hac</em></strong></span> <span class='ocrx_word' id='word_1_233' title='bbox 1118 4083 1215 4119; x_wconf 62' lang='lat' dir='ltr'><strong><em>auq</em></strong></span> 
     </span>
     <span class='ocr_line' id='line_1_49' title="bbox 145 4134 1217 4209; baseline -0.003 -18"><span class='ocrx_word' id='word_1_234' title='bbox 145 4146 270 4192; x_wconf 72' lang='lat' dir='ltr'><strong><em>tem</em></strong></span> <span class='ocrx_word' id='word_1_235' title='bbox 300 4134 566 4208; x_wconf 85' lang='lat' dir='ltr'><strong><em>epitoma</em></strong></span> <span class='ocrx_word' id='word_1_236' title='bbox 596 4134 930 4209; x_wconf 82' lang='lat' dir='ltr'><strong><em>triumphus</em></strong></span> <span class='ocrx_word' id='word_1_237' title='bbox 958 4135 1083 4206; x_wconf 82' lang='lat' dir='ltr'><strong><em>post</em></strong></span> <span class='ocrx_word' id='word_1_238' title='bbox 1105 4136 1217 4189; x_wconf 85' lang='lat' dir='ltr'><strong><em>Ga·</em></strong></span> 
     </span>
    </p>
   </div>
   <div class='ocr_carea' id='block_1_10' title="bbox 143 4202 1216 4295">
    <p class='ocr_par' dir='ltr' id='par_1_12' title="bbox 143 4202 1216 4295">
     <span class='ocr_line' id='line_1_50' title="bbox 143 4202 1216 4295; baseline -0.005 -22"><span class='ocrx_word' id='word_1_239' title='bbox 143 4203 305 4278; x_wconf 66' lang='lat' dir='ltr'><strong><em>binii</em></strong></span> <span class='ocrx_word' id='word_1_240' title='bbox 332 4202 641 4295; x_wconf 59' lang='lat' dir='ltr'><strong><em>etPisonis</em></strong></span> <span class='ocrx_word' id='word_1_241' title='bbox 664 4203 1060 4279; x_wconf 69' lang='lat' dir='ltr'><strong><em>consulatum,</em></strong></span> <span class='ocrx_word' id='word_1_242' title='bbox 1097 4221 1216 4281; x_wconf 84' lang='lat' dir='ltr'><strong><em>quo</em></strong></span> 
     </span>
    </p>
   </div>
   <div class='ocr_carea' id='block_1_11' title="bbox 2096 1161 2327 1229">
    <p class='ocr_par' dir='ltr' id='par_1_13' title="bbox 2096 1161 2327 1229">
     <span class='ocr_line' id='line_1_51' title="bbox 2096 1161 2327 1229; baseline 0 -3"><span class='ocrx_word' id='word_1_243' title='bbox 2096 1161 2327 1229; x_wconf 84' lang='lat' dir='ltr'><strong><em>Prae-</em></strong></span> 
     </span>
    </p>
   </div>
   <div class='ocr_carea' id='block_1_12' title="bbox 1265 1377 2407 1591">
    <p class='ocr_par' dir='ltr' id='par_1_14' title="bbox 1265 1377 2407 1591">
     <span class='ocr_line' id='line_1_52' title="bbox 1265 1377 2327 1443; baseline -0.008 -1"><span class='ocrx_word' id='word_1_244' title='bbox 1265 1399 1425 1443; x_wconf 69' lang='lat' dir='ltr'><strong><em>anno</em></strong></span> <span class='ocrx_word' id='word_1_245' title='bbox 1443 1380 1663 1438; x_wconf 81' lang='lat' dir='ltr'><strong><em>Caesar</em></strong></span> <span class='ocrx_word' id='word_1_246' title='bbox 1685 1396 1747 1435; x_wconf 87' lang='lat' dir='ltr'><strong><em>se</em></strong></span> <span class='ocrx_word' id='word_1_247' title='bbox 1767 1379 1977 1435; x_wconf 79' lang='lat' dir='ltr'><strong><em>scribit</em></strong></span> <span class='ocrx_word' id='word_1_248' title='bbox 1996 1379 2053 1433; x_wconf 88' lang='lat' dir='ltr'><strong><em>in</em></strong></span> <span class='ocrx_word' id='word_1_249' title='bbox 2071 1377 2327 1435; x_wconf 82' lang='lat' dir='ltr'><strong><em>Galliam</em></strong></span> 
     </span>
     <span class='ocr_line' id='line_1_53' title="bbox 1265 1449 2407 1521; baseline -0.008 -10"><span class='ocrx_word' id='word_1_250' title='bbox 1265 1451 1520 1519; x_wconf 81' lang='lat' dir='ltr'><strong><em>venisse,</em></strong></span> <span class='ocrx_word' id='word_1_251' title='bbox 1549 1461 1610 1507; x_wconf 89' lang='lat' dir='ltr'><strong><em>et</em></strong></span> <span class='ocrx_word' id='word_1_252' title='bbox 1626 1467 1758 1503; x_wconf 88' lang='lat' dir='ltr'><strong><em>cum</em></strong></span> <span class='ocrx_word' id='word_1_253' title='bbox 1775 1449 2057 1504; x_wconf 86' lang='lat' dir='ltr'><strong><em>Helvetiis</em></strong></span> <span class='ocrx_word' id='word_1_254' title='bbox 2072 1466 2335 1521; x_wconf 72' lang='lat' dir='ltr'><strong><em>pugnas·</em></strong></span> <span class='ocrx_word' id='word_1_255' title='bbox 2403 1458 2407 1462; x_wconf 83' lang='lat'>&#39;</span> 
     </span>
     <span class='ocr_line' id='line_1_54' title="bbox 1269 1519 2329 1591; baseline -0.007 -15"><span class='ocrx_word' id='word_1_256' title='bbox 1269 1539 1330 1576; x_wconf 80' lang='lat' dir='ltr'><strong><em>se</em></strong></span> <span class='ocrx_word' id='word_1_257' title='bbox 1348 1556 1367 1586; x_wconf 93' lang='lat'><strong><em>,</em></strong></span> <span class='ocrx_word' id='word_1_258' title='bbox 1403 1519 1466 1573; x_wconf 83' lang='lat' dir='ltr'><strong><em>id</em></strong></span> <span class='ocrx_word' id='word_1_259' title='bbox 1499 1520 1604 1585; x_wconf 87' lang='lat' dir='ltr'><strong><em>est,</em></strong></span> <span class='ocrx_word' id='word_1_260' title='bbox 1641 1519 1767 1591; x_wconf 83' lang='lat' dir='ltr'><strong><em>post</em></strong></span> <span class='ocrx_word' id='word_1_261' title='bbox 1799 1519 2040 1573; x_wconf 86' lang='lat' dir='ltr'><strong><em>tertium</em></strong></span> <span class='ocrx_word' id='word_1_262' title='bbox 2074 1535 2290 1572; x_wconf 86' lang='lat' dir='ltr'><strong><em>annum</em></strong></span> <span class='ocrx_word' id='word_1_263' title='bbox 2304 1551 2329 1583; x_wconf 90' lang='lat'><strong><em>,</em></strong></span> 
     </span>
    </p>
   </div>
   <div class='ocr_carea' id='block_1_13' title="bbox 1269 1578 2537 1654">
    <p class='ocr_par' dir='ltr' id='par_1_15' title="bbox 1269 1578 2537 1654">
     <span class='ocr_line' id='line_1_55' title="bbox 1269 1578 2537 1654; baseline -0.006 -9"><span class='ocrx_word' id='word_1_264' title='bbox 1269 1589 1640 1654; x_wconf 75' lang='lat' dir='ltr'><strong><em>collocatur,</em></strong></span> <span class='ocrx_word' id='word_1_265' title='bbox 1677 1605 1807 1640; x_wconf 85' lang='lat' dir='ltr'><strong><em>cum</em></strong></span> <span class='ocrx_word' id='word_1_266' title='bbox 1830 1586 2104 1642; x_wconf 85' lang='lat' dir='ltr'><strong><em>tamenin</em></strong></span> <span class='ocrx_word' id='word_1_267' title='bbox 2121 1584 2335 1641; x_wconf 80' lang='lat' dir='ltr'><strong><em>eadem</em></strong></span> <span class='ocrx_word' id='word_1_268' title='bbox 2430 1628 2447 1645; x_wconf 80' lang='grc'>,</span> <span class='ocrx_word' id='word_1_269' title='bbox 2529 1578 2537 1593; x_wconf 83' lang='grc'><strong><em>’</em></strong></span> 
     </span>
    </p>
   </div>
   <div class='ocr_carea' id='block_1_14' title="bbox 1268 1652 2415 2966">
    <p class='ocr_par' dir='ltr' id='par_1_16' title="bbox 1268 1652 2415 2900">
     <span class='ocr_line' id='line_1_56' title="bbox 1269 1652 2415 1727; baseline -0.005 -14"><span class='ocrx_word' id='word_1_270' title='bbox 1269 1669 1408 1714; x_wconf 90' lang='lat' dir='ltr'><strong><em>ante</em></strong></span> <span class='ocrx_word' id='word_1_271' title='bbox 1434 1657 1797 1726; x_wconf 74' lang='lat' dir='ltr'><strong><em>triumphum</em></strong></span> <span class='ocrx_word' id='word_1_272' title='bbox 1817 1655 2081 1727; x_wconf 75' lang='lat' dir='ltr'><strong><em>Pompeii</em></strong></span> <span class='ocrx_word' id='word_1_273' title='bbox 2107 1652 2333 1711; x_wconf 86' lang='lat' dir='ltr'><strong><em>mentio</em></strong></span> <span class='ocrx_word' id='word_1_274' title='bbox 2408 1666 2415 1679; x_wconf 88' lang='lat'><strong><em>¹</em></strong></span> 
     </span>
     <span class='ocr_line' id='line_1_57' title="bbox 1268 1724 2337 1798; baseline -0.006 -16"><span class='ocrx_word' id='word_1_275' title='bbox 1268 1729 1372 1782; x_wconf 79' lang='lat' dir='ltr'><strong><em>fiat</em></strong></span> <span class='ocrx_word' id='word_1_276' title='bbox 1423 1726 1883 1798; x_wconf 84' lang='lat' dir='ltr'><strong><em>conspirationis</em></strong></span> <span class='ocrx_word' id='word_1_277' title='bbox 1932 1725 2126 1779; x_wconf 82' lang='lat' dir='ltr'><strong><em>factae</em></strong></span> <span class='ocrx_word' id='word_1_278' title='bbox 2173 1724 2337 1777; x_wconf 81' lang='lat' dir='ltr'><strong><em>inter</em></strong></span> 
     </span>
     <span class='ocr_line' id='line_1_58' title="bbox 1269 1795 2336 1869; baseline -0.007 -17"><span class='ocrx_word' id='word_1_279' title='bbox 1269 1796 1618 1869; x_wconf 83' lang='lat' dir='ltr'><strong><em>Pompeium</em></strong></span> <span class='ocrx_word' id='word_1_280' title='bbox 1665 1805 1725 1849; x_wconf 88' lang='lat' dir='ltr'><strong><em>et</em></strong></span> <span class='ocrx_word' id='word_1_281' title='bbox 1765 1795 2112 1861; x_wconf 84' lang='lat' dir='ltr'><strong><em>Caesarem,</em></strong></span> <span class='ocrx_word' id='word_1_282' title='bbox 2179 1807 2336 1864; x_wconf 79' lang='lat' dir='ltr'><strong><em>quae</em></strong></span> 
     </span>
     <span class='ocr_line' id='line_1_59' title="bbox 1269 1862 2405 1936; baseline -0.011 -14"><span class='ocrx_word' id='word_1_283' title='bbox 1269 1866 1558 1936; x_wconf 82' lang='lat' dir='ltr'><strong><em>Pompeio</em></strong></span> <span class='ocrx_word' id='word_1_284' title='bbox 1593 1873 1911 1935; x_wconf 78' lang='lat' dir='ltr'><strong><em>praesente</em></strong></span> <span class='ocrx_word' id='word_1_285' title='bbox 1955 1874 2090 1917; x_wconf 87' lang='lat' dir='ltr'><strong><em>ante</em></strong></span> <span class='ocrx_word' id='word_1_286' title='bbox 2124 1878 2339 1915; x_wconf 80' lang='lat' dir='ltr'><strong><em>consu·</em></strong></span> <span class='ocrx_word' id='word_1_287' title='bbox 2396 1862 2405 1873; x_wconf 69' lang='lat'>¹</span> 
     </span>
     <span class='ocr_line' id='line_1_60' title="bbox 1270 1931 2341 1993; baseline -0.006 -3"><span class='ocrx_word' id='word_1_288' title='bbox 1270 1937 1455 1990; x_wconf 82' lang='lat' dir='ltr'><strong><em>latum</em></strong></span> <span class='ocrx_word' id='word_1_289' title='bbox 1485 1932 1753 1993; x_wconf 84' lang='lat' dir='ltr'><strong><em>Caesaris</em></strong></span> <span class='ocrx_word' id='word_1_290' title='bbox 1791 1932 2070 1991; x_wconf 78' lang='lat' dir='ltr'><strong><em>factaest.</em></strong></span> <span class='ocrx_word' id='word_1_291' title='bbox 2127 1931 2341 1986; x_wconf 81' lang='lat' dir='ltr'><strong><em>Libra-</em></strong></span> 
     </span>
     <span class='ocr_line' id='line_1_61' title="bbox 1272 1997 2359 2060; baseline -0.006 -1"><span class='ocrx_word' id='word_1_292' title='bbox 1272 2004 1351 2060; x_wconf 84' lang='lat' dir='ltr'><strong><em>rii</em></strong></span> <span class='ocrx_word' id='word_1_293' title='bbox 1384 2014 1580 2058; x_wconf 87' lang='lat' dir='ltr'><strong><em>tamen</em></strong></span> <span class='ocrx_word' id='word_1_294' title='bbox 1615 2012 1673 2055; x_wconf 87' lang='lat' dir='ltr'><strong><em>et</em></strong></span> <span class='ocrx_word' id='word_1_295' title='bbox 1702 2000 1857 2056; x_wconf 84' lang='lat' dir='ltr'><strong><em>hun&#39;c</em></strong></span> <span class='ocrx_word' id='word_1_296' title='bbox 1893 2017 2162 2055; x_wconf 83' lang='lat' dir='ltr'><strong><em>errorem</em></strong></span> <span class='ocrx_word' id='word_1_297' title='bbox 2191 1997 2359 2052; x_wconf 50' lang='lat' dir='ltr'><strong><em>fuine</em></strong></span> 
     </span>
     <span class='ocr_line' id='line_1_62' title="bbox 1275 2065 2408 2140; baseline -0.009 -11"><span class='ocrx_word' id='word_1_298' title='bbox 1275 2091 1373 2140; x_wconf 77' lang='lat' dir='ltr'><strong><em>se,</em></strong></span> <span class='ocrx_word' id='word_1_299' title='bbox 1457 2089 1528 2125; x_wconf 90' lang='lat' dir='ltr'><strong><em>ro</em></strong></span> <span class='ocrx_word' id='word_1_300' title='bbox 1560 2081 1727 2125; x_wconf 86' lang='lat' dir='ltr'><strong><em>certo</em></strong></span> <span class='ocrx_word' id='word_1_301' title='bbox 1755 2071 1969 2125; x_wconf 84' lang='lat' dir='ltr'><strong><em>habeo.</em></strong></span> <span class='ocrx_word' id='word_1_302' title='bbox 2020 2072 2198 2136; x_wconf 86' lang='lat' dir='ltr'><strong><em>Nam,</em></strong></span> <span class='ocrx_word' id='word_1_303' title='bbox 2233 2065 2338 2139; x_wconf 82' lang='lat' dir='ltr'><strong><em>qui</em></strong></span> <span class='ocrx_word' id='word_1_304' title='bbox 2401 2096 2408 2111; x_wconf 47' lang='grc' dir='ltr'><strong><em>κ</em></strong></span> 
     </span>
     <span class='ocr_line' id='line_1_63' title="bbox 1275 2137 2344 2224; baseline -0.01 -25"><span class='ocrx_word' id='word_1_305' title='bbox 1275 2145 1383 2203; x_wconf 84' lang='lat' dir='ltr'><strong><em>Cn.</em></strong></span> <span class='ocrx_word' id='word_1_306' title='bbox 1463 2137 1746 2224; x_wconf 76' lang='lat' dir='ltr'><strong><em>ompey‘us</em></strong></span> <span class='ocrx_word' id='word_1_307' title='bbox 1774 2151 1888 2194; x_wconf 87' lang='lat' dir='ltr'><strong><em>etc.</em></strong></span> <span class='ocrx_word' id='word_1_308' title='bbox 1927 2149 2056 2195; x_wconf 84' lang='lat' dir='ltr'><strong><em>erat</em></strong></span> <span class='ocrx_word' id='word_1_309' title='bbox 2084 2138 2344 2207; x_wconf 84' lang='lat' dir='ltr'><strong><em>scriptu·-</em></strong></span> 
     </span>
     <span class='ocr_line' id='line_1_64' title="bbox 1269 2206 2343 2280; baseline -0.007 -15"><span class='ocrx_word' id='word_1_310' title='bbox 1269 2229 1398 2277; x_wconf 84' lang='lat' dir='ltr'><strong><em>rus,</em></strong></span> <span class='ocrx_word' id='word_1_311' title='bbox 1432 2226 1547 2280; x_wconf 83' lang='lat' dir='ltr'><strong><em>per</em></strong></span> <span class='ocrx_word' id='word_1_312' title='bbox 1563 2209 1853 2264; x_wconf 78' lang='lat' dir='ltr'><strong><em>mem-iam</em></strong></span> <span class='ocrx_word' id='word_1_313' title='bbox 1882 2206 2066 2261; x_wconf 87' lang='lat' dir='ltr'><strong><em>oculis</em></strong></span> <span class='ocrx_word' id='word_1_314' title='bbox 2093 2207 2166 2261; x_wconf 90' lang='lat' dir='ltr'><strong><em>ad</em></strong></span> <span class='ocrx_word' id='word_1_315' title='bbox 2184 2211 2343 2261; x_wconf 83' lang='lat' dir='ltr'><strong><em>Pon·</em></strong></span> 
     </span>
     <span class='ocr_line' id='line_1_65' title="bbox 1271 2276 2340 2345; baseline -0.003 -11"><span class='ocrx_word' id='word_1_316' title='bbox 1271 2279 1485 2334; x_wconf 80' lang='lat' dir='ltr'><strong><em>tinium</em></strong></span> <span class='ocrx_word' id='word_1_317' title='bbox 1515 2277 1824 2345; x_wconf 74' lang='lat' dir='ltr'><strong><em>conjectiS,</em></strong></span> <span class='ocrx_word' id='word_1_318' title='bbox 1864 2277 1973 2333; x_wconf 87' lang='lat' dir='ltr'><strong><em>Cn.</em></strong></span> <span class='ocrx_word' id='word_1_319' title='bbox 1998 2276 2340 2332; x_wconf 74' lang='lat' dir='ltr'><strong><em>Pontinius</em></strong></span> 
     </span>
     <span class='ocr_line' id='line_1_66' title="bbox 1272 2343 2339 2428; baseline -0.004 -26"><span class='ocrx_word' id='word_1_320' title='bbox 1272 2346 1534 2418; x_wconf 79' lang='lat' dir='ltr'><strong><em>scripsit,</em></strong></span> <span class='ocrx_word' id='word_1_321' title='bbox 1571 2356 1631 2400; x_wconf 91' lang='lat' dir='ltr'><strong><em>et</em></strong></span> <span class='ocrx_word' id='word_1_322' title='bbox 1649 2362 1799 2428; x_wconf 78' lang='lat' dir='ltr'><strong><em>quae</em></strong></span> <span class='ocrx_word' id='word_1_323' title='bbox 1817 2354 2164 2416; x_wconf 85' lang='lat' dir='ltr'><strong><em>sequuntur.</em></strong></span> <span class='ocrx_word' id='word_1_324' title='bbox 2212 2343 2339 2399; x_wconf 80' lang='lat' dir='ltr'><strong><em>Post</em></strong></span> 
     </span>
     <span class='ocr_line' id='line_1_67' title="bbox 1274 2412 2340 2484; baseline -0.009 -13"><span class='ocrx_word' id='word_1_325' title='bbox 1274 2425 1491 2479; x_wconf 82' lang='lat' dir='ltr'><strong><em>autem,</em></strong></span> <span class='ocrx_word' id='word_1_326' title='bbox 1522 2432 1654 2467; x_wconf 90' lang='lat' dir='ltr'><strong><em>cum</em></strong></span> <span class='ocrx_word' id='word_1_327' title='bbox 1673 2412 2055 2484; x_wconf 73' lang='lat' dir='ltr'><strong><em>intelligeret,</em></strong></span> <span class='ocrx_word' id='word_1_328' title='bbox 2164 2414 2340 2465; x_wconf 83' lang='lat' dir='ltr'><strong><em>Pom.</em></strong></span> 
     </span>
     <span class='ocr_line' id='line_1_68' title="bbox 1274 2430 2341 2558; baseline -0.008 -20"><span class='ocrx_word' id='word_1_329' title='bbox 1274 2483 1398 2558; x_wconf 72' lang='lat' dir='ltr'><strong><em>peji</em></strong></span> <span class='ocrx_word' id='word_1_330' title='bbox 1428 2480 1791 2554; x_wconf 86' lang='lat' dir='ltr'><strong><em>triumphum</em></strong></span> <span class='ocrx_word' id='word_1_331' title='bbox 1820 2491 2042 2535; x_wconf 86' lang='lat' dir='ltr'><strong><em>temere</em></strong></span> <span class='ocrx_word' id='word_1_332' title='bbox 2066 2430 2341 2552; x_wconf 43' lang='lat' dir='ltr'><strong><em>&amp;aeter-</em></strong></span> 
     </span>
     <span class='ocr_line' id='line_1_69' title="bbox 1274 2547 2339 2621; baseline -0.007 -13"><span class='ocrx_word' id='word_1_333' title='bbox 1274 2551 1534 2617; x_wconf 84' lang='lat' dir='ltr'><strong><em>misisse,</em></strong></span> <span class='ocrx_word' id='word_1_334' title='bbox 1588 2550 1839 2606; x_wconf 87' lang='lat' dir='ltr'><strong><em>eundem</em></strong></span> <span class='ocrx_word' id='word_1_335' title='bbox 1882 2549 2073 2621; x_wconf 86' lang='lat' dir='ltr'><strong><em>ipsum</em></strong></span> <span class='ocrx_word' id='word_1_336' title='bbox 2118 2547 2185 2603; x_wconf 87' lang='lat' dir='ltr'><strong><em>in</em></strong></span> <span class='ocrx_word' id='word_1_337' title='bbox 2220 2549 2339 2602; x_wconf 85' lang='lat' dir='ltr'><strong><em>fine</em></strong></span> 
     </span>
     <span class='ocr_line' id='line_1_70' title="bbox 1274 2618 2340 2707; baseline -0.006 -30"><span class='ocrx_word' id='word_1_338' title='bbox 1274 2622 1588 2707; x_wconf 85' lang='lat' dir='ltr'><strong><em>Epitomae</em></strong></span> <span class='ocrx_word' id='word_1_339' title='bbox 1624 2619 1964 2675; x_wconf 85' lang='lat' dir='ltr'><strong><em>collocasse.</em></strong></span> <span class='ocrx_word' id='word_1_340' title='bbox 2018 2618 2109 2671; x_wconf 84' lang='lat' dir='ltr'><strong><em>Est</em></strong></span> <span class='ocrx_word' id='word_1_341' title='bbox 2141 2626 2340 2671; x_wconf 84' lang='lat' dir='ltr'><strong><em>autem</em></strong></span> 
     </span>
     <span class='ocr_line' id='line_1_71' title="bbox 1274 2687 2343 2760; baseline -0.007 -15"><span class='ocrx_word' id='word_1_342' title='bbox 1274 2691 1611 2759; x_wconf 71' lang='lat' dir='ltr'><strong><em>triumphus</em></strong></span> <span class='ocrx_word' id='word_1_343' title='bbox 1633 2688 1902 2760; x_wconf 82' lang='lat' dir='ltr'><strong><em>Pompeii</em></strong></span> <span class='ocrx_word' id='word_1_344' title='bbox 1932 2687 2113 2741; x_wconf 85' lang='lat' dir='ltr'><strong><em>rebus</em></strong></span> <span class='ocrx_word' id='word_1_345' title='bbox 2141 2688 2343 2749; x_wconf 62' lang='lat' dir='ltr'><strong><em>aPon,</em></strong></span> 
     </span>
     <span class='ocr_line' id='line_1_72' title="bbox 1275 2755 2339 2830; baseline -0.006 -14"><span class='ocrx_word' id='word_1_346' title='bbox 1275 2760 1430 2817; x_wconf 83' lang='lat' dir='ltr'><strong><em>tinio</em></strong></span> <span class='ocrx_word' id='word_1_347' title='bbox 1464 2758 1629 2830; x_wconf 82' lang='lat' dir='ltr'><strong><em>gestis</em></strong></span> <span class='ocrx_word' id='word_1_348' title='bbox 1663 2755 2131 2827; x_wconf 82' lang='lat' dir='ltr'><strong><em>anteponendus.</em></strong></span> <span class='ocrx_word' id='word_1_349' title='bbox 2189 2755 2339 2811; x_wconf 76' lang='lat' dir='ltr'><strong><em>SIG-</em></strong></span> 
     </span>
     <span class='ocr_line' id='line_1_73' title="bbox 1276 2824 2308 2900; baseline -0.008 -15"><span class='ocrx_word' id='word_1_350' title='bbox 1276 2833 1412 2887; x_wconf 81' lang='lat' dir='ltr'><strong><em>Non</em></strong></span> <span class='ocrx_word' id='word_1_351' title='bbox 1460 2829 1664 2900; x_wconf 86' lang='lat' dir='ltr'><strong><em>inepte</em></strong></span> <span class='ocrx_word' id='word_1_352' title='bbox 1721 2824 1979 2898; x_wconf 83' lang='lat' dir='ltr'><strong><em>disputat</em></strong></span> <span class='ocrx_word' id='word_1_353' title='bbox 2025 2824 2308 2897; x_wconf 83' lang='lat' dir='ltr'><strong><em>Sigonius</em></strong></span> 
     </span>
    </p>

    <p class='ocr_par' dir='ltr' id='par_1_17' title="bbox 1275 2894 2343 2966">
     <span class='ocr_line' id='line_1_74' title="bbox 1275 2894 2343 2966; baseline -0.009 -11"><span class='ocrx_word' id='word_1_354' title='bbox 1275 2900 1422 2957; x_wconf 87' lang='lat' dir='ltr'><strong><em>haec</em></strong></span> <span class='ocrx_word' id='word_1_355' title='bbox 1466 2916 1572 2952; x_wconf 82' lang='lat' dir='ltr'><strong><em>suo</em></strong></span> <span class='ocrx_word' id='word_1_356' title='bbox 1616 2896 1754 2950; x_wconf 87' lang='lat' dir='ltr'><strong><em>loeo</em></strong></span> <span class='ocrx_word' id='word_1_357' title='bbox 1797 2894 1994 2966; x_wconf 87' lang='lat' dir='ltr'><strong><em>posita</em></strong></span> <span class='ocrx_word' id='word_1_358' title='bbox 2030 2911 2151 2946; x_wconf 89' lang='lat' dir='ltr'><strong><em>non</em></strong></span> <span class='ocrx_word' id='word_1_359' title='bbox 2189 2908 2343 2947; x_wconf 86' lang='lat' dir='ltr'><strong><em>esse.</em></strong></span> 
     </span>
    </p>
   </div>
   <div class='ocr_carea' id='block_1_15' title="bbox 1280 2962 2411 3024">
    <p class='ocr_par' dir='ltr' id='par_1_18' title="bbox 1280 2962 2411 3024">
     <span class='ocr_line' id='line_1_75' title="bbox 1280 2962 2411 3024; baseline -0.011 -1"><span class='ocrx_word' id='word_1_360' title='bbox 1280 2967 1400 3023; x_wconf 86' lang='lat' dir='ltr'><strong><em>Sed</em></strong></span> <span class='ocrx_word' id='word_1_361' title='bbox 1431 2977 1491 3024; x_wconf 86' lang='lat' dir='ltr'><strong><em>et</em></strong></span> <span class='ocrx_word' id='word_1_362' title='bbox 1521 2967 1579 3019; x_wconf 91' lang='lat' dir='ltr'><strong><em>in</em></strong></span> <span class='ocrx_word' id='word_1_363' title='bbox 1603 2964 1838 3023; x_wconf 82' lang='lat' dir='ltr'><strong><em>historia</em></strong></span> <span class='ocrx_word' id='word_1_364' title='bbox 1855 2963 2064 3016; x_wconf 85' lang='lat' dir='ltr'><strong><em>vitium</em></strong></span> <span class='ocrx_word' id='word_1_365' title='bbox 2084 2962 2180 3016; x_wconf 82' lang='lat' dir='ltr'><strong><em>est.</em></strong></span> <span class='ocrx_word' id='word_1_366' title='bbox 2219 2962 2345 3016; x_wconf 87' lang='lat' dir='ltr'><strong><em>Cur</em></strong></span> <span class='ocrx_word' id='word_1_367' title='bbox 2399 2967 2411 2993; x_wconf 62' lang='lat'><strong>*</strong></span> 
     </span>
    </p>
   </div>
   <div class='ocr_carea' id='block_1_16' title="bbox 1274 3028 2424 4137">
    <p class='ocr_par' dir='ltr' id='par_1_19' title="bbox 1274 3028 2401 3711">
     <span class='ocr_line' id='line_1_76' title="bbox 1277 3028 2346 3091; baseline -0.007 0"><span class='ocrx_word' id='word_1_368' title='bbox 1277 3036 1437 3091; x_wconf 86' lang='lat' dir='ltr'><strong><em>enim</em></strong></span> <span class='ocrx_word' id='word_1_369' title='bbox 1471 3035 1542 3088; x_wconf 90' lang='lat' dir='ltr'><strong><em>de</em></strong></span> <span class='ocrx_word' id='word_1_370' title='bbox 1572 3032 1783 3089; x_wconf 81' lang='lat' dir='ltr'><strong><em>liberis</em></strong></span> <span class='ocrx_word' id='word_1_371' title='bbox 1859 3031 2011 3087; x_wconf 85' lang='lat' dir='ltr'><strong><em>otius</em></strong></span> <span class='ocrx_word' id='word_1_372' title='bbox 2031 3028 2346 3084; x_wconf 80' lang='lat' dir='ltr'><strong><em>Mithrida-</em></strong></span> 
     </span>
     <span class='ocr_line' id='line_1_77' title="bbox 1275 3100 2371 3177; baseline -0.008 -17"><span class='ocrx_word' id='word_1_373' title='bbox 1275 3105 1372 3171; x_wconf 84' lang='lat' dir='ltr'><strong><em>tis,</em></strong></span> <span class='ocrx_word' id='word_1_374' title='bbox 1394 3121 1567 3177; x_wconf 85' lang='lat' dir='ltr'><strong><em>quam</em></strong></span> <span class='ocrx_word' id='word_1_375' title='bbox 1589 3101 1699 3155; x_wconf 87' lang='lat' dir='ltr'><strong><em>dei</em></strong></span> <span class='ocrx_word' id='word_1_376' title='bbox 1747 3118 1811 3155; x_wconf 90' lang='lat' dir='ltr'><strong><em>so</em></strong></span> <span class='ocrx_word' id='word_1_377' title='bbox 1830 3139 1845 3153; x_wconf 86' lang='lat'><strong>.</strong></span> <span class='ocrx_word' id='word_1_378' title='bbox 1880 3101 1996 3153; x_wconf 85' lang='lat' dir='ltr'><strong><em>Res</em></strong></span> <span class='ocrx_word' id='word_1_379' title='bbox 2015 3100 2122 3153; x_wconf 81' lang='lat' dir='ltr'><strong><em>est:</em></strong></span> <span class='ocrx_word' id='word_1_380' title='bbox 2154 3101 2371 3156; x_wconf 66' lang='lat' dir='ltr'><strong><em>Pom-⁹</em></strong></span> 
     </span>
     <span class='ocr_line' id='line_1_78' title="bbox 1274 3167 2342 3250; baseline -0.009 -19"><span class='ocrx_word' id='word_1_381' title='bbox 1274 3171 1554 3250; x_wconf 73' lang='lat' dir='ltr'><strong><em>pejusde</em></strong></span> <span class='ocrx_word' id='word_1_382' title='bbox 1569 3174 1703 3228; x_wconf 81' lang='lat' dir='ltr'><strong><em>Mit</em></strong></span> <span class='ocrx_word' id='word_1_383' title='bbox 1748 3168 1978 3234; x_wconf 82' lang='lat' dir='ltr'><strong><em>ridate,</em></strong></span> <span class='ocrx_word' id='word_1_384' title='bbox 2001 3167 2209 3228; x_wconf 80' lang='lat' dir='ltr'><strong><em>ductis</em></strong></span> <span class='ocrx_word' id='word_1_385' title='bbox 2231 3187 2342 3222; x_wconf 82' lang='lat' dir='ltr'><strong><em>an·</em></strong></span> 
     </span>
     <span class='ocr_line' id='line_1_79' title="bbox 1277 3237 2339 3302; baseline -0.01 -3"><span class='ocrx_word' id='word_1_386' title='bbox 1277 3253 1339 3300; x_wconf 84' lang='lat' dir='ltr'><strong><em>te</em></strong></span> <span class='ocrx_word' id='word_1_387' title='bbox 1373 3261 1629 3299; x_wconf 78' lang='lat' dir='ltr'><strong><em>currum</em></strong></span> <span class='ocrx_word' id='word_1_388' title='bbox 1650 3237 2065 3297; x_wconf 77' lang='lat' dir='ltr'><strong><em>Mithridatis</em></strong></span> <span class='ocrx_word' id='word_1_389' title='bbox 2095 3237 2339 3302; x_wconf 83' lang='lat' dir='ltr'><strong><em>liberis,</em></strong></span> 
     </span>
     <span class='ocr_line' id='line_1_80' title="bbox 1278 3305 2401 3383; baseline -0.013 -14"><span class='ocrx_word' id='word_1_390' title='bbox 1278 3319 1341 3369; x_wconf 83' lang='lat' dir='ltr'><strong><em>et</em></strong></span> <span class='ocrx_word' id='word_1_391' title='bbox 1379 3311 1657 3383; x_wconf 79' lang='lat' dir='ltr'><strong><em>Tigrane</em></strong></span> <span class='ocrx_word' id='word_1_392' title='bbox 1697 3313 1772 3367; x_wconf 91' lang='lat' dir='ltr'><strong><em>Ti</em></strong></span> <span class='ocrx_word' id='word_1_393' title='bbox 1857 3305 2187 3369; x_wconf 80' lang='lat' dir='ltr'><strong><em>anisfilio‚</em></strong></span> <span class='ocrx_word' id='word_1_394' title='bbox 2226 3305 2340 3357; x_wconf 88' lang='lat' dir='ltr'><strong><em>tri·</em></strong></span> <span class='ocrx_word' id='word_1_395' title='bbox 2398 3330 2401 3333; x_wconf 96' lang='lat'>·</span> 
     </span>
     <span class='ocr_line' id='line_1_81' title="bbox 1278 3369 2345 3453; baseline -0.015 -16"><span class='ocrx_word' id='word_1_396' title='bbox 1278 3380 1623 3453; x_wconf 68' lang='lat' dir='ltr'><strong><em>ampliavit.</em></strong></span> <span class='ocrx_word' id='word_1_397' title='bbox 1660 3380 1715 3433; x_wconf 86' lang='lat' dir='ltr'><strong><em>J.</em></strong></span> <span class='ocrx_word' id='word_1_398' title='bbox 1742 3383 1787 3432; x_wconf 83' lang='lat' dir='ltr'>F</span> <span class='ocrx_word' id='word_1_399' title='bbox 1847 3415 1862 3428; x_wconf 91' lang='lat'><strong>.</strong></span> <span class='ocrx_word' id='word_1_400' title='bbox 1894 3374 2125 3431; x_wconf 87' lang='lat' dir='ltr'><strong><em>GRON.</em></strong></span> <span class='ocrx_word' id='word_1_401' title='bbox 2163 3369 2345 3427; x_wconf 73' lang='lat' dir='ltr'><strong><em>Ordi..</em></strong></span> 
     </span>
     <span class='ocr_line' id='line_1_82' title="bbox 1278 3442 2343 3517; baseline -0.017 -9"><span class='ocrx_word' id='word_1_402' title='bbox 1278 3466 1418 3508; x_wconf 83' lang='lat' dir='ltr'><strong><em>nem</em></strong></span> <span class='ocrx_word' id='word_1_403' title='bbox 1461 3460 1801 3517; x_wconf 85' lang='lat' dir='ltr'><strong><em>temporum</em></strong></span> <span class='ocrx_word' id='word_1_404' title='bbox 1844 3444 1939 3496; x_wconf 82' lang='lat' dir='ltr'><strong><em>hic</em></strong></span> <span class='ocrx_word' id='word_1_405' title='bbox 1979 3442 2343 3495; x_wconf 76' lang='lat' dir='ltr'><strong><em>non-obser-</em></strong></span> 
     </span>
     <span class='ocr_line' id='line_1_83' title="bbox 1280 3507 2340 3587; baseline -0.007 -17"><span class='ocrx_word' id='word_1_406' title='bbox 1280 3515 1432 3580; x_wconf 83' lang='lat' dir='ltr'><strong><em>vari,</em></strong></span> <span class='ocrx_word' id='word_1_407' title='bbox 1471 3533 1538 3570; x_wconf 86' lang='lat' dir='ltr'><strong><em>ac</em></strong></span> <span class='ocrx_word' id='word_1_408' title='bbox 1564 3517 1905 3587; x_wconf 72' lang='lat' dir='ltr'><strong><em>Pompeium</em></strong></span> <span class='ocrx_word' id='word_1_409' title='bbox 1932 3511 2004 3564; x_wconf 83' lang='lat' dir='ltr'><strong><em>de</em></strong></span> <span class='ocrx_word' id='word_1_410' title='bbox 2025 3507 2340 3565; x_wconf 76' lang='lat' dir='ltr'><strong><em>Mithrida·</em></strong></span> 
     </span>
     <span class='ocr_line' id='line_1_84' title="bbox 1278 3573 2365 3668; baseline -0.006 -28"><span class='ocrx_word' id='word_1_411' title='bbox 1278 3597 1340 3640; x_wconf 87' lang='lat' dir='ltr'><strong><em>te</em></strong></span> <span class='ocrx_word' id='word_1_412' title='bbox 1372 3585 1619 3668; x_wconf 69' lang='lat' dir='ltr'><strong><em>aliisque</em></strong></span> <span class='ocrx_word' id='word_1_413' title='bbox 1640 3585 1701 3636; x_wconf 87' lang='lat' dir='ltr'><strong><em>in</em></strong></span> <span class='ocrx_word' id='word_1_414' title='bbox 1721 3582 1952 3639; x_wconf 81' lang='lat' dir='ltr'><strong><em>oriente</em></strong></span> <span class='ocrx_word' id='word_1_415' title='bbox 1974 3577 2218 3636; x_wconf 83' lang='lat' dir='ltr'><strong><em>devictis</em></strong></span> <span class='ocrx_word' id='word_1_416' title='bbox 2238 3573 2365 3633; x_wconf 77' lang='lat' dir='ltr'><strong><em>diu.</em></strong></span> 
     </span>
     <span class='ocr_line' id='line_1_85' title="bbox 1281 3646 2343 3711; baseline -0.013 0"><span class='ocrx_word' id='word_1_417' title='bbox 1281 3664 1417 3711; x_wconf 81' lang='lat' dir='ltr'><strong><em>ante</em></strong></span> <span class='ocrx_word' id='word_1_418' title='bbox 1448 3653 1682 3708; x_wconf 71' lang='lat' dir='ltr'><strong><em>initium</em></strong></span> <span class='ocrx_word' id='word_1_419' title='bbox 1711 3648 1855 3706; x_wconf 87' lang='lat' dir='ltr'><strong><em>belli</em></strong></span> <span class='ocrx_word' id='word_1_420' title='bbox 1888 3648 2097 3703; x_wconf 88' lang='lat' dir='ltr'><strong><em>Gallici</em></strong></span> <span class='ocrx_word' id='word_1_421' title='bbox 2132 3646 2343 3700; x_wconf 82' lang='lat' dir='ltr'><strong><em>trium-</em></strong></span> 
     </span>
    </p>

    <p class='ocr_par' dir='ltr' id='par_1_20' title="bbox 1279 3715 2424 4137">
     <span class='ocr_line' id='line_1_86' title="bbox 1328 3715 2347 3786; baseline -0.01 -9"><span class='ocrx_word' id='word_1_422' title='bbox 1328 3724 1512 3786; x_wconf 79' lang='lat' dir='ltr'><strong><em>hasse,</em></strong></span> <span class='ocrx_word' id='word_1_423' title='bbox 1527 3733 1753 3776; x_wconf 84' lang='lat' dir='ltr'><strong><em>certum</em></strong></span> <span class='ocrx_word' id='word_1_424' title='bbox 1772 3721 1866 3774; x_wconf 84' lang='lat' dir='ltr'><strong><em>est.</em></strong></span> <span class='ocrx_word' id='word_1_425' title='bbox 1898 3715 1967 3772; x_wconf 91' lang='lat' dir='ltr'><strong><em>Id</em></strong></span> <span class='ocrx_word' id='word_1_426' title='bbox 1982 3735 2127 3770; x_wconf 85' lang='lat' dir='ltr'><strong><em>vero</em></strong></span> <span class='ocrx_word' id='word_1_427' title='bbox 2139 3726 2347 3769; x_wconf 84' lang='lat' dir='ltr'><strong><em>utrum</em></strong></span> 
     </span>
     <span class='ocr_line' id='line_1_87' title="bbox 1279 3740 2343 3862; baseline -0.01 -11"><span class='ocrx_word' id='word_1_428' title='bbox 1279 3740 1571 3857; x_wconf 62' lang='lat' dir='ltr'><strong><em>librariis,</em></strong></span> <span class='ocrx_word' id='word_1_429' title='bbox 1581 3801 1648 3845; x_wconf 85' lang='lat' dir='ltr'><strong><em>ut</em></strong></span> <span class='ocrx_word' id='word_1_430' title='bbox 1663 3789 1933 3862; x_wconf 85' lang='lat' dir='ltr'><strong><em>Sigonius</em></strong></span> <span class='ocrx_word' id='word_1_431' title='bbox 1949 3785 2249 3847; x_wconf 73' lang='lat' dir='ltr'><strong><em>existimat,</em></strong></span> <span class='ocrx_word' id='word_1_432' title='bbox 2268 3801 2343 3840; x_wconf 79' lang='lat' dir='ltr'><strong><em>au</em></strong></span> 
     </span>
     <span class='ocr_line' id='line_1_88' title="bbox 1287 3850 2424 3934; baseline -0.009 -18"><span class='ocrx_word' id='word_1_433' title='bbox 1287 3861 1402 3934; x_wconf 89' lang='lat' dir='ltr'><strong><em>ipsi</em></strong></span> <span class='ocrx_word' id='word_1_434' title='bbox 1420 3862 1829 3932; x_wconf 83' lang='lat' dir='ltr'><strong><em>Epitomarum</em></strong></span> <span class='ocrx_word' id='word_1_435' title='bbox 1862 3855 2090 3910; x_wconf 85' lang='lat' dir='ltr'><strong><em>auctori</em></strong></span> <span class='ocrx_word' id='word_1_436' title='bbox 2124 3850 2348 3919; x_wconf 74' lang='lat' dir='ltr'><strong><em>adscri—</em></strong></span> <span class='ocrx_word' id='word_1_437' title='bbox 2414 3879 2424 3892; x_wconf 88' lang='lat'><strong>·</strong></span> 
     </span>
     <span class='ocr_line' id='line_1_89' title="bbox 1283 3918 2344 3995; baseline -0.012 -9"><span class='ocrx_word' id='word_1_438' title='bbox 1283 3929 1548 3987; x_wconf 81' lang='lat' dir='ltr'><strong><em>bendum</em></strong></span> <span class='ocrx_word' id='word_1_439' title='bbox 1577 3928 1670 3993; x_wconf 84' lang='lat' dir='ltr'><strong><em>sit,</em></strong></span> <span class='ocrx_word' id='word_1_440' title='bbox 1709 3927 1994 3993; x_wconf 79' lang='lat' dir='ltr'><strong><em>incertum</em></strong></span> <span class='ocrx_word' id='word_1_441' title='bbox 2025 3931 2198 3995; x_wconf 79' lang='lat' dir='ltr'><strong><em>puto,</em></strong></span> <span class='ocrx_word' id='word_1_442' title='bbox 2249 3918 2344 3973; x_wconf 83' lang='lat' dir='ltr'><strong><em>Ab</em></strong></span> 
     </span>
     <span class='ocr_line' id='line_1_90' title="bbox 1284 3995 2346 4072; baseline -0.01 -18"><span class='ocrx_word' id='word_1_443' title='bbox 1284 3999 1556 4072; x_wconf 85' lang='lat' dir='ltr'><strong><em>utrisque</em></strong></span> <span class='ocrx_word' id='word_1_444' title='bbox 1585 3997 1744 4051; x_wconf 89' lang='lat' dir='ltr'><strong><em>enim</em></strong></span> <span class='ocrx_word' id='word_1_445' title='bbox 1776 3995 1834 4047; x_wconf 80' lang='lat' dir='ltr'><strong><em>in</em></strong></span> <span class='ocrx_word' id='word_1_446' title='bbox 1860 3996 1966 4047; x_wconf 86' lang='lat' dir='ltr'><strong><em>hac</em></strong></span> <span class='ocrx_word' id='word_1_447' title='bbox 1986 4010 2053 4046; x_wconf 88' lang='lat' dir='ltr'><strong><em>re</em></strong></span> <span class='ocrx_word' id='word_1_448' title='bbox 2079 4001 2346 4047; x_wconf 84' lang='lat' dir='ltr'><strong><em>erratum</em></strong></span> 
     </span>
     <span class='ocr_line' id='line_1_91' title="bbox 1286 4059 2345 4137; baseline -0.011 -13"><span class='ocrx_word' id='word_1_449' title='bbox 1286 4071 1431 4137; x_wconf 81' lang='lat' dir='ltr'><strong><em>effe,</em></strong></span> <span class='ocrx_word' id='word_1_450' title='bbox 1472 4086 1539 4121; x_wconf 85' lang='lat' dir='ltr'><strong><em>ex</em></strong></span> <span class='ocrx_word' id='word_1_451' title='bbox 1570 4063 1984 4137; x_wconf 71' lang='lat' dir='ltr'><strong><em>superioribus</em></strong></span> <span class='ocrx_word' id='word_1_452' title='bbox 2016 4059 2187 4116; x_wconf 83' lang='lat' dir='ltr'><strong><em>libris</em></strong></span> <span class='ocrx_word' id='word_1_453' title='bbox 2219 4075 2345 4112; x_wconf 83' lang='lat' dir='ltr'><strong><em>non</em></strong></span> 
     </span>
    </p>
   </div>
   <div class='ocr_carea' id='block_1_17' title="bbox 1283 4123 2461 4202">
    <p class='ocr_par' dir='ltr' id='par_1_21' title="bbox 1283 4123 2461 4202">
     <span class='ocr_line' id='line_1_92' title="bbox 1283 4123 2461 4202; baseline -0.014 -9"><span class='ocrx_word' id='word_1_454' title='bbox 1283 4154 1405 4193; x_wconf 85' lang='lat' dir='ltr'><strong><em>uno</em></strong></span> <span class='ocrx_word' id='word_1_455' title='bbox 1427 4135 1488 4191; x_wconf 86' lang='lat' dir='ltr'><strong><em>in</em></strong></span> <span class='ocrx_word' id='word_1_456' title='bbox 1504 4137 1640 4191; x_wconf 84' lang='lat' dir='ltr'><strong><em>loco</em></strong></span> <span class='ocrx_word' id='word_1_457' title='bbox 1661 4133 1921 4195; x_wconf 70' lang='lat' dir='ltr'><strong><em>constare</em></strong></span> <span class='ocrx_word' id='word_1_458' title='bbox 1939 4130 2146 4202; x_wconf 80' lang='lat' dir='ltr'><strong><em>potest.</em></strong></span> <span class='ocrx_word' id='word_1_459' title='bbox 2188 4123 2343 4185; x_wconf 80' lang='lat' dir='ltr'><strong><em>Vide</em></strong></span> <span class='ocrx_word' id='word_1_460' title='bbox 2370 4148 2403 4189; x_wconf 55' lang='grc' dir='ltr'><strong>χ</strong></span> <span class='ocrx_word' id='word_1_461' title='bbox 2456 4144 2461 4159; x_wconf 78' lang='lat'>=</span> 
     </span>
    </p>
   </div>
   <div class='ocr_carea' id='block_1_18' title="bbox 1284 4202 2339 4283">
    <p class='ocr_par' dir='ltr' id='par_1_22' title="bbox 1284 4202 2339 4283">
     <span class='ocr_line' id='line_1_93' title="bbox 1284 4202 2339 4283; baseline -0.016 -16"><span class='ocrx_word' id='word_1_462' title='bbox 1284 4203 1539 4283; x_wconf 76' lang='lat' dir='ltr'><strong><em>adEpit.</em></strong></span> <span class='ocrx_word' id='word_1_463' title='bbox 1559 4222 1613 4267; x_wconf 64' lang='grc' dir='ltr'><strong><em>ι.</em></strong></span> <span class='ocrx_word' id='word_1_464' title='bbox 1630 4205 1699 4268; x_wconf 80' lang='grc'><strong><em>5..</em></strong></span> <span class='ocrx_word' id='word_1_465' title='bbox 1720 4212 1781 4263; x_wconf 84' lang='lat' dir='ltr'><strong><em>et</em></strong></span> <span class='ocrx_word' id='word_1_466' title='bbox 1809 4202 1971 4271; x_wconf 75' lang='lat' dir='ltr'><strong><em>alibi,</em></strong></span> <span class='ocrx_word' id='word_1_467' title='bbox 2027 4202 2222 4281; x_wconf 74' lang='lat' dir='ltr'><strong><em>quum</em></strong></span> <span class='ocrx_word' id='word_1_468' title='bbox 2236 4204 2339 4251; x_wconf 73' lang='lat' dir='ltr'><strong><em>¹ta·</em></strong></span> 
     </span>
    </p>
   </div>
  </div>
 </body>
</html>
