2717 4667
629 195 755 278 674
833 197 1233 264 Fnssmsn.
1272 186 2113 265 SUPPLEMENTORUM
2139 196 2575 268 nmmum,

292 397 365 457 U·
398 419 458 458 c·
483 401 613 532 639·
637 406 1209 486 desiderabantur,
1254 407 1598 472 consilium
1632 406 1781 469 iniit
1812 428 1992 469 suam
2024 407 2333 488 injuriam
2364 411 2622 472 Gallico

290 471 370 528 Α·
395 471 516 532 0⁶5
556 507 575 528 ·
637 490 949 574 sauguine
998 490 1394 571 vindicandi.
1491 489 1694 552 Mitris
1750 488 1954 573 igitur
2010 490 2256 551 circum
2317 492 2621 555 civitates

633 573 923 645 nunciis,
968 572 1348 648 Eburones,
1408 572 1466 635 si
1503 572 1785 646 vellent,
1836 569 2200 656 diripiendi
2232 571 2620 657 potestatem

539 690 543 695 ’
631 654 931 744 omnibus
970 654 1152 717 facit.

247 821 254 828 ,
305 752 589 819 Sicamb‘rt
752 762 893 822 XII.
954 763 1050 823 Ea
1085 782 1195 824 res
1226 759 1493 823 mirifici
1530 758 1861 841 cujusdam
1899 760 2105 822 causs'a
2135 760 2263 823 fuit
2300 775 2373 824 et
2400 762 2620 845 inopi·

254 835 433 912 ‘'flstfss
475 835 607 886 Cae·
630 843 764 905 nati
798 857 1094 907 eventus.
1177 843 1442 938 Quippe
1478 842 1832 917 Sicambri,
1878 842 2378 904 Transrhenana
2418 847 2617 916 natio,

253 915 409 950 sam
440 917 606 972 ‘'FF‘'
630 945 796 1009 quae
832 946 1048 1008 nuper
1086 929 1451 988 Tencteros
1496 925 1568 985 fu
1616 924 1826 985 ientes
1872 939 2250 1010 receperat,
2306 925 2621 1009 praedam

250 977 447 1035 ‘mm‘
495 1058 501 1067 .
629 1026 712 1068 ex
750 1006 1112 1069 infortunio
1143 1007 1527 1069 Eburonum
1591 1006 1839 1081 acturi,
1884 1004 2014 1068 duo
2052 1007 2351 1091 equitum
2389 1009 2616 1082 millia,

623 1087 924 1150 Rhenum
959 1089 1233 1152 navibus
1267 1090 1648 1172 ratibusque
1685 1087 2149 1150 transiverunt.
2233 1090 2363 1163 Hi,
2426 1111 2622 1174 quum

625 1190 664 1230 a
690 1170 949 1254 captivo
979 1170 1384 1244 didiciss'ent,
1427 1168 1796 1256 profectum
1833 1171 1943 1231 lon
1994 1170 2095 1230 ius
2127 1172 2494 1234 Caesarem
2531 1187 2621 1234 to-

539 1296 550 1303 ,
623 1250 755 1314 tius
792 1253 1621 1337 exercitusimpedimenta
1660 1272 1805 1313 cum
1838 1272 1945 1313 mo
1995 1252 2100 1313 ico
2178 1253 2490 1316 raesidio
2526 1274 2621 1315 re-

622 1330 881 1416 liquiss'e
905 1336 1262 1404 Atuaticae‚
1306 1350 1438 1417 quo
1467 1336 1614 1395 loco
1640 1348 1789 1396 ante
1815 1355 2048 1394 annum
2071 1333 2140 1394 hi
2188 1354 2352 1396 erna
2375 1336 2622 1398 Titurii

626 1428 694 1475 et
720 1416 1149 1498 Aurunculeji
1181 1417 1477 1489 fuerant,
1531 1416 1867 1500 protinus,
1926 1415 2161 1478 eodem
2193 1418 2473 1502 captivo
2513 1418 2623 1479 du·

625 1515 703 1558 ce
722 1539 741 1569 ,
785 1497 866 1559 ad
899 1496 1096 1560 castra
1123 1501 1565 1563 Romanorum
1596 1498 2097 1582 contenderunt.

291 1593 373 1650 Re
398 1594 604 1684 lvstfm
746 1606 916 1665 XIII.
972 1606 1176 1668 Forte
1216 1604 1295 1688 Q.
1337 1606 1574 1667 Cicero
1618 1602 1922 1666 cohortes
1963 1605 2212 1688 aliquot
2251 1604 2619 1667 frumenta-

245 1666 599 1723 'eccam-nm.
623 1683 758 1747 tum
773 1688 1111 1752 emiserat.
1174 1687 1426 1750 Eodem
1456 1688 1755 1772 tempore
1786 1688 2052 1749 veniunt
2076 1688 2421 1759 Germani,
2467 1710 2616 1771 por-

240 1750 405 1807 μα’·
621 1777 696 1827 ta‘
734 1790 815 1829 ue
869 1770 1221 1831 decumana
1271 1785 1588 1832 conantur
1637 1769 2030 1853 irrumpere.
2122 1772 2196 1830 In
2237 1789 2319 1830 re
2363 1770 2615 1842 subita,

620 1852 689 1911 ni
739 1850 785 1910 il
839 1851 1014 1912 enim
1059 1865 1194 1913 tum
1240 1848 1471 1914 hostile
1519 1850 1962 1923 metuebatur,
2034 1871 2229 1934 quum
2264 1853 2615 1917 interfecti

620 1945 730 1992 aut
767 1934 978 2015 sparsi
1014 1931 1263 2006 hostes,
1331 1948 1397 1995 et
1444 1953 1587 1994 cum
1615 1932 1863 1995 ‘novem
1897 1932 2284 1997 victricibus
2326 1934 2611 2018 legioni·

614 2012 845 2075 busin
879 2015 1255 2098 propinquo
1286 2017 1526 2078 Caesar
1558 2017 1751 2086 ess'et,
1794 2015 1905 2076 vix
1943 2014 2211 2076 defendi
2247 2013 2466 2077 castra
2506 2038 2606 2101 po·

459 2094 467 2104 '
525 2120 536 2133 ⁸
615 2107 901 2157 tuerunt.
961 2098 1153 2157 Inter
1184 2096 1346 2159 haec
1380 2118 1688 2173 reversae
1720 2096 2051 2169 cohortes,
2099 2117 2297 2179 quum
2327 2112 2402 2160 et
2434 2099 2599 2184 ipsae

616 2175 981 2262 improviso
1015 2178 1384 2242 incidiss‘ent
1414 2180 1484 2240 in
1513 2180 1791 2250 hostem,
1838 2179 2060 2241 multis
2096 2179 2365 2253 aminis,
2419 2200 2609 2264 aegre

614 2274 1060 2344 perruperunt
1094 2261 1171 2321 ad
1207 2268 1394 2324 suos.¹
1470 2260 1816 2334 Germani,
1865 2282 1985 2344 spe
2020 2258 2374 2322 castrorum
2414 2283 2615 2358 expu-

616 2342 1021 2423 gnandorum
1056 2343 1307 2415 amiss'a‚
1354 2363 1501 2406 cum
1541 2344 1816 2428 praeda,
1861 2364 2052 2426 quam
2091 2358 2411 2427 ceperant
2434 2387 2455 2417 ,
2499 2365 2616 2404 un-

614 2444 793 2506 pune
839 2435 1021 2486 trans
1060 2425 1360 2487 Rhenum
1403 2426 1778 2489 redierunt:
1817 2418 2031 2508 2quod
2083 2425 2237 2487 illos
2290 2447 2502 2509 perse
2553 2427 2619 2486 ui

616 2518 916 2590 tempore
955 2508 1143 2579 anni,
1206 2521 1271 2568 et
1309 2528 1721 2573 cura.rerum
1759 2506 2187 2580 urbanarum,
2248 2521 2319 2569 et
2356 2509 2515 2592 cupi
2568 2511 2620 2567 i-

613 2599 751 2647 tate
793 2587 1096 2670 capiendi
1142 2589 1549 2673 Ambiorigis
1593 2592 1831 2652 Caesar
1924 2589 2374 2651 rohibebatur.
2488 2589 2625 2652 Sed

615 2667 772 2753 ille,
819 2690 1200 2754 quamquam
1241 2671 1613 2735 Caesariani
1654 2681 1826 2735 tanta
1867 2611 2206 2753 diligentia
2242 2671 2622 2754 sequeban-

612 2762 756 2823 tur,
805 2764 876 2811 ut
915 2772 1111 2836 saepe
1149 2753 1218 2813 in
1254 2767 1614 2838 conspectu
1653 2752 2013 2850 fugientem
2036 2796 2054 2826 ,
2097 2752 2458 2836 aliquando
2499 2776 2621 2850 pe·

613 2850 701 2892 ne
732 2832 802 2893 in
835 2833 1128 2907 manibus
1156 2834 1508 2909 haberent,
1555 2834 1789 2932 effugit
1815 2849 2027 2896 tamen
2049 2877 2065 2907 ‚
2112 2847 2395 2919 quatuor
2429 2856 2623 2920 equi-
2710 2834 2711 2837 ’

615 2913 795 2976 tibus
829 2914 1230 2994 comitatus„⁴
1251 2917 1486 3001 quibus
1520 2919 1683 2979 solis
1714 2932 1912 2980 v1tam
1944 2937 2125 2977 suam
2157 2915 2444 2979 audebat
2475 2937 2624 2979 ονε-

619 2995 805 3058 dere.
889 3001 1144 3059 Interea
1184 3000 1451 3072 Caesar,
1511 2999 1949 3062 Durocortori
1986 3002 2344 3060 Remorum
2388 3001 2621 3061 conci·

616 3077 715 3141 lio
743 3078 993 3141 Galliae
1030 3079 1286 3154 habito,
1334 3081 1417 3143 de
1447 3082 1713 3144 Accone
1745 3083 2077 3159 Senonum
2106 3079 2417 3164 principe
2442 3124 2462 3154 ,
2509 3083 2625 3178 qui

622 3152 1020 3222 defectionis
1053 3176 1281 3224 auctor
1313 3163 1564 3226 civitati
1594 3161 1831 3236 fuerat,
1876 3162 2268 3245 supplicium
2302 3178 2623 3247 sumpsit:

622 3240 900 3315 deinde,
946 3242 1321 3307 distributis
1357 3266 1483 3328 per
1513 3244 1788 3309 hiberna
1816 3243 2221 3326 legionibus,
2267 3264 2401 3327 per
2433 3265 2626 3306 caus.

531 3364 536 3369 -
625 3343 760 3384 sam
801 3339 1236 3404 conventuum
1272 3327 1674 3410 agendorum
1713 3326 1782 3387 in
1819 3326 2063 3387 Italiam
2103 3323 2456 3409 profectus
2495 3324 2623 3401 est,

626 3405 710 3467 de
744 3407 943 3471 rebus
981 3407 1246 3470 urbanis
1279 3409 1622 3483 sollicita,
1715 3429 1831 3472 uae
1870 3407 2194 3470 continuis
2232 3407 2623 3469 certamini-

624 3487 749 3551 bus
787 3489 1354 3574 seditionibusque
1394 3502 1695 3574 supra'so
1727 3490 1885 3552 itum
1920 3489 2503 3573 ingravescebant.

266 3607 478 3697 Urbana
495 3628 606 3670 cer·
751 3612 928 3678 XIV.
974 3611 1253 3674 Tribuni
1279 3614 1531 3697 plebis,
1576 3615 1877 3698 exemplo
1916 3612 2368 3699 superiorum,
2422 3616 2630 3675 comi·
2706 3676 2707 3679 ,

249 3692 486 3738 “mma-
579 3739 589 3751 .
629 3693 779 3766 tiis,
842 3713 1121 3779 quorum
1166 3697 1409 3758 iterum
1452 3711 1710 3781 tempus
1753 3696 2039 3770 aderat‚.
2075 3715 2325 3757 moram
2356 3693 2626 3775 injicie·
2706 3740 2707 3785 ;

625 3774 821 3852 bant3
884 3775 1186 3840 tribunos
1236 3778 1548 3852 militum,
1627 3779 1797 3841 sicut
1843 3779 2035 3850 olim,
2097 3774 2247 3838 fleri
2295 3798 2336 3838 o
2392 3791 2625 3841 ortere
2706 3792 2707 3847 ἢ

535 3920 540 3923 ,
631 3855 1045 3952 dictitantes,
1121 3859 1294 3943 quod
1352 3860 1726 3944 respublica
1779 3861 2081 3956 pluribus
2137 3857 2308 3955 magi
2365 3859 2627 3922 ratibus

630 3938 985 4022 indigeret.
1073 3941 1243 4015 Sed,
1291 3942 1431 4023 ejus
1475 3944 1576 4005 rei
1612 3957 1979 4017 mentione,
2028 3940 2176 4029 quia
2206 3962 2318 4008 vix
2345 3941 2626 4006 auribus

699 4095 849 4170 Cap.
876 4098 1038 4161 xm.
1070 4099 1211 4158 Dio.
1231 4099 1419 4158 Caes.
1456 4098 1599 4160 Dio·
