<?xml version="1.0" encoding="UTF-8"?>
<!DOCTYPE html PUBLIC "-//W3C//DTD XHTML 1.0 Transitional//EN"
    "http://www.w3.org/TR/xhtml1/DTD/xhtml1-transitional.dtd">
<html xmlns="http://www.w3.org/1999/xhtml" xml:lang="en" lang="en">
 <head>
  <title>
</title>
<meta http-equiv="Content-Type" content="text/html;charset=utf-8" />
  <meta name='ocr-system' content='tesseract 3.04.00' />
  <meta name='ocr-capabilities' content='ocr_page ocr_carea ocr_par ocr_line ocrx_word'/>
</head>
<body>
  <div class='ocr_page' id='page_1' title='image "./tliviipatavinih14unkngoog_0045.png"; bbox 0 0 2717 4667; ppageno 0'>
   <div class='ocr_carea' id='block_1_1' title="bbox 560 188 2119 271">
    <p class='ocr_par' dir='ltr' id='par_1_1' title="bbox 560 188 2119 271">
     <span class='ocr_line' id='line_1_1' title="bbox 560 188 2119 271; baseline -0.003 -14"><span class='ocrx_word' id='word_1_1' title='bbox 560 188 651 257; x_wconf 77' lang='lat' dir='ltr'><strong>m</strong></span> <span class='ocrx_word' id='word_1_2' title='bbox 692 190 997 258; x_wconf 70' lang='lat' dir='ltr'><strong>Locum</strong></span> <span class='ocrx_word' id='word_1_3' title='bbox 1034 194 1199 256; x_wconf 80' lang='lat' dir='ltr'><strong>Lm.</strong></span> <span class='ocrx_word' id='word_1_4' title='bbox 1230 192 1520 259; x_wconf 80' lang='lat' dir='ltr'><strong>Lxxv1.</strong></span> <span class='ocrx_word' id='word_1_5' title='bbox 1564 190 1791 257; x_wconf 78' lang='lat' dir='ltr'><strong>mvn.</strong></span> <span class='ocrx_word' id='word_1_6' title='bbox 2037 189 2119 271; x_wconf 71' lang='lat'><strong>39</strong></span> 
     </span>
    </p>
   </div>
   <div class='ocr_carea' id='block_1_2' title="bbox 105 393 2500 1319">
    <p class='ocr_par' dir='ltr' id='par_1_2' title="bbox 110 393 2500 976">
     <span class='ocr_line' id='line_1_2' title="bbox 227 393 2500 484; baseline 0.001 -24"><span class='ocrx_word' id='word_1_7' title='bbox 227 399 494 463; x_wconf 81' lang='lat' dir='ltr'>XLVII.</span> <span class='ocrx_word' id='word_1_8' title='bbox 550 397 665 460; x_wconf 89' lang='lat' dir='ltr'><strong>Sic</strong></span> <span class='ocrx_word' id='word_1_9' title='bbox 703 397 984 460; x_wconf 81' lang='lat' dir='ltr'><strong>irritatis</strong></span> <span class='ocrx_word' id='word_1_10' title='bbox 1016 397 1346 484; x_wconf 82' lang='lat' dir='ltr'><strong>utrimque</strong></span> <span class='ocrx_word' id='word_1_11' title='bbox 1387 397 1658 471; x_wconf 81' lang='lat' dir='ltr'><strong>animis,</strong></span> <span class='ocrx_word' id='word_1_12' title='bbox 1709 397 1824 481; x_wconf 84' lang='lat' dir='ltr'><strong>qui</strong></span> <span class='ocrx_word' id='word_1_13' title='bbox 1869 417 1993 480; x_wconf 84' lang='lat' dir='ltr'><strong>per</strong></span> <span class='ocrx_word' id='word_1_14' title='bbox 2028 397 2117 459; x_wconf 86' lang='lat' dir='ltr'><strong>A·</strong></span> <span class='ocrx_word' id='word_1_15' title='bbox 2179 393 2249 448; x_wconf 83' lang='lat' dir='ltr'><strong>U·</strong></span> <span class='ocrx_word' id='word_1_16' title='bbox 2274 411 2325 447; x_wconf 68' lang='grc' dir='ltr'><strong>θ·</strong></span> <span class='ocrx_word' id='word_1_17' title='bbox 2349 395 2500 462; x_wconf 49' lang='grc'><strong>6645</strong></span> 
     </span>
     <span class='ocr_line' id='line_1_3' title="bbox 124 463 2456 564; baseline 0 -23"><span class='ocrx_word' id='word_1_18' title='bbox 124 477 260 542; x_wconf 87' lang='lat' dir='ltr'><strong>Iiam</strong></span> <span class='ocrx_word' id='word_1_19' title='bbox 290 494 523 553; x_wconf 88' lang='lat' dir='ltr'><strong>erant,</strong></span> <span class='ocrx_word' id='word_1_20' title='bbox 582 480 863 542; x_wconf 83' lang='lat' dir='ltr'><strong>Romani</strong></span> <span class='ocrx_word' id='word_1_21' title='bbox 913 479 1150 554; x_wconf 79' lang='lat' dir='ltr'><strong>duces,</strong></span> <span class='ocrx_word' id='word_1_22' title='bbox 1214 502 1346 544; x_wconf 85' lang='lat' dir='ltr'><strong>non</strong></span> <span class='ocrx_word' id='word_1_23' title='bbox 1404 479 1773 564; x_wconf 79' lang='lat' dir='ltr'><strong>exspectato</strong></span> <span class='ocrx_word' id='word_1_24' title='bbox 1827 479 2118 541; x_wconf 84' lang='lat' dir='ltr'><strong>senatus·</strong></span> <span class='ocrx_word' id='word_1_25' title='bbox 2180 463 2456 519; x_wconf 68' lang='lat' dir='ltr'><strong>A·C·88·</strong></span> 
     </span>
     <span class='ocr_line' id='line_1_4' title="bbox 121 556 2464 648; baseline -0.001 -24"><span class='ocrx_word' id='word_1_26' title='bbox 121 563 399 625; x_wconf 78' lang='lat' dir='ltr'><strong>consulto</strong></span> <span class='ocrx_word' id='word_1_27' title='bbox 436 563 761 647; x_wconf 82' lang='lat' dir='ltr'>populive</span> <span class='ocrx_word' id='word_1_28' title='bbox 800 562 999 642; x_wconf 66' lang='lat' dir='ltr'><strong>justu,</strong></span> <span class='ocrx_word' id='word_1_29' title='bbox 1043 583 1125 623; x_wconf 88' lang='lat' dir='ltr'><strong>ex</strong></span> <span class='ocrx_word' id='word_1_30' title='bbox 1155 563 1498 644; x_wconf 84' lang='lat' dir='ltr'><strong>Bithyniae</strong></span> <span class='ocrx_word' id='word_1_31' title='bbox 1537 560 2121 648; x_wconf 81' lang='lat' dir='ltr'><strong>Cappadociaeque</strong></span> <span class='ocrx_word' id='word_1_32' title='bbox 2182 556 2414 610; x_wconf 64' lang='lat' dir='ltr'><strong><em>R⁰¹¹¹⁰¹⁸f</em></strong></span> <span class='ocrx_word' id='word_1_33' title='bbox 2461 587 2464 596; x_wconf 91' lang='grc'><strong><em>·</em></strong></span> 
     </span>
     <span class='ocr_line' id='line_1_5' title="bbox 121 625 2470 728; baseline 0.001 -22"><span class='ocrx_word' id='word_1_34' title='bbox 121 658 183 706; x_wconf 84' lang='lat' dir='ltr'><strong>et</strong></span> <span class='ocrx_word' id='word_1_35' title='bbox 215 645 702 728; x_wconf 83' lang='lat' dir='ltr'><strong>Paphlagoniae</strong></span> <span class='ocrx_word' id='word_1_36' title='bbox 743 644 1108 708; x_wconf 69' lang='lat' dir='ltr'><strong>delentibus</strong></span> <span class='ocrx_word' id='word_1_37' title='bbox 1155 646 1519 714; x_wconf 77' lang='lat' dir='ltr'><strong>exercitum</strong></span> <span class='ocrx_word' id='word_1_38' title='bbox 1562 650 1961 728; x_wconf 68' lang='lat' dir='ltr'><strong>coegerunt,</strong></span> <span class='ocrx_word' id='word_1_39' title='bbox 2006 643 2117 706; x_wconf 85' lang='lat' dir='ltr'><strong>ad·</strong></span> <span class='ocrx_word' id='word_1_40' title='bbox 2148 625 2470 722; x_wconf 51' lang='lat' dir='ltr'><strong>dyo-euxer-</strong></span> 
     </span>
     <span class='ocr_line' id='line_1_6' title="bbox 124 705 2434 833; baseline 0 -46"><span class='ocrx_word' id='word_1_41' title='bbox 124 726 259 788; x_wconf 81' lang='lat' dir='ltr'><strong>ditis</strong></span> <span class='ocrx_word' id='word_1_42' title='bbox 295 728 503 789; x_wconf 71' lang='lat' dir='ltr'><strong>etiam</strong></span> <span class='ocrx_word' id='word_1_43' title='bbox 543 728 1128 812; x_wconf 80' lang='lat' dir='ltr'><strong>Gallograecorum</strong></span> <span class='ocrx_word' id='word_1_44' title='bbox 1166 725 1449 790; x_wconf 70' lang='lat' dir='ltr'><strong>auxiliis.</strong></span> <span class='ocrx_word' id='word_1_45' title='bbox 1539 727 1746 788; x_wconf 76' lang='lat' dir='ltr'><strong>Simul</strong></span> <span class='ocrx_word' id='word_1_46' title='bbox 1783 728 1857 787; x_wconf 90' lang='lat' dir='ltr'><strong>L.</strong></span> <span class='ocrx_word' id='word_1_47' title='bbox 1884 726 2075 788; x_wconf 73' lang='lat' dir='ltr'><strong>cami</strong></span> <span class='ocrx_word' id='word_1_48' title='bbox 2101 771 2117 804; x_wconf 85' lang='lat'><strong>,</strong></span> <span class='ocrx_word' id='word_1_49' title='bbox 2144 705 2322 833; x_wconf 57' lang='lat'><strong>2²:32·</strong></span> <span class='ocrx_word' id='word_1_50' title='bbox 2350 712 2434 749; x_wconf 76' lang='lat'><strong>⁶⁶·</strong></span> 
     </span>
     <span class='ocr_line' id='line_1_7' title="bbox 120 806 2119 893; baseline 0 -22"><span class='ocrx_word' id='word_1_51' title='bbox 120 808 445 893; x_wconf 82' lang='lat' dir='ltr'><strong>quiAfiam</strong></span> <span class='ocrx_word' id='word_1_52' title='bbox 478 808 845 884; x_wconf 84' lang='lat' dir='ltr'><strong>obtinebat,</strong></span> <span class='ocrx_word' id='word_1_53' title='bbox 893 810 1248 872; x_wconf 87' lang='lat' dir='ltr'><strong>convenire</strong></span> <span class='ocrx_word' id='word_1_54' title='bbox 1268 808 1465 890; x_wconf 80' lang='lat' dir='ltr'><strong>juffus</strong></span> <span class='ocrx_word' id='word_1_55' title='bbox 1487 806 1577 871; x_wconf 85' lang='lat' dir='ltr'><strong>est</strong></span> <span class='ocrx_word' id='word_1_56' title='bbox 1606 808 1961 884; x_wconf 77' lang='lat' dir='ltr'><strong>exercitus,</strong></span> <span class='ocrx_word' id='word_1_57' title='bbox 2007 828 2119 872; x_wconf 89' lang='lat' dir='ltr'><strong>co-</strong></span> 
     </span>
     <span class='ocr_line' id='line_1_8' title="bbox 110 890 2117 976; baseline 0.001 -25"><span class='ocrx_word' id='word_1_58' title='bbox 110 892 376 976; x_wconf 81' lang='lat' dir='ltr'><strong>piaeque</strong></span> <span class='ocrx_word' id='word_1_59' title='bbox 418 891 776 954; x_wconf 80' lang='lat' dir='ltr'><strong>auxiliares</strong></span> <span class='ocrx_word' id='word_1_60' title='bbox 819 912 1045 954; x_wconf 86' lang='lat' dir='ltr'><strong>omnes</strong></span> <span class='ocrx_word' id='word_1_61' title='bbox 1083 890 1384 954; x_wconf 88' lang='lat' dir='ltr'><strong>eumdem</strong></span> <span class='ocrx_word' id='word_1_62' title='bbox 1403 893 1469 952; x_wconf 88' lang='lat' dir='ltr'><strong>in</strong></span> <span class='ocrx_word' id='word_1_63' title='bbox 1491 891 1708 953; x_wconf 86' lang='lat' dir='ltr'><strong>locum</strong></span> <span class='ocrx_word' id='word_1_64' title='bbox 1735 890 2117 954; x_wconf 90' lang='lat' dir='ltr'><strong>conductae.</strong></span> 
     </span>
    </p>

    <p class='ocr_par' dir='ltr' id='par_1_3' title="bbox 105 969 2437 1319">
     <span class='ocr_line' id='line_1_9' title="bbox 220 969 2437 1059; baseline 0 -24"><span class='ocrx_word' id='word_1_65' title='bbox 220 975 522 1036; x_wconf 83' lang='lat' dir='ltr'>XLVIII.</span> <span class='ocrx_word' id='word_1_66' title='bbox 580 969 841 1037; x_wconf 82' lang='lat' dir='ltr'><strong>Deinde</strong></span> <span class='ocrx_word' id='word_1_67' title='bbox 904 973 1130 1059; x_wconf 88' lang='lat' dir='ltr'><strong>partiti</strong></span> <span class='ocrx_word' id='word_1_68' title='bbox 1181 973 1359 1036; x_wconf 87' lang='lat' dir='ltr'><strong>inter</strong></span> <span class='ocrx_word' id='word_1_69' title='bbox 1415 974 1483 1036; x_wconf 83' lang='lat' dir='ltr'><strong>se</strong></span> <span class='ocrx_word' id='word_1_70' title='bbox 1541 974 1747 1036; x_wconf 80' lang='lat' dir='ltr'><strong>vires.</strong></span> <span class='ocrx_word' id='word_1_71' title='bbox 1837 973 2118 1049; x_wconf 86' lang='lat' dir='ltr'><strong>Cass&#39;ius,</strong></span> <span class='ocrx_word' id='word_1_72' title='bbox 2186 978 2344 1033; x_wconf 69' lang='lat' dir='ltr'><strong>Vires</strong></span> <span class='ocrx_word' id='word_1_73' title='bbox 2373 998 2437 1036; x_wconf 71' lang='lat' dir='ltr'><strong>a·</strong></span> 
     </span>
     <span class='ocr_line' id='line_1_10' title="bbox 107 1049 2394 1141; baseline 0.002 -26"><span class='ocrx_word' id='word_1_74' title='bbox 107 1054 208 1116; x_wconf 91' lang='lat' dir='ltr'><strong>ubi</strong></span> <span class='ocrx_word' id='word_1_75' title='bbox 248 1055 613 1135; x_wconf 86' lang='lat' dir='ltr'><strong>Bithyniae</strong></span> <span class='ocrx_word' id='word_1_76' title='bbox 655 1054 1110 1141; x_wconf 81' lang='lat' dir='ltr'><strong>Gallograecia</strong></span> <span class='ocrx_word' id='word_1_77' title='bbox 1141 1056 1613 1132; x_wconf 84' lang='lat' dir='ltr'><strong>committitur,</strong></span> <span class='ocrx_word' id='word_1_78' title='bbox 1679 1053 1900 1118; x_wconf 82' lang='lat' dir='ltr'><strong>castris</strong></span> <span class='ocrx_word' id='word_1_79' title='bbox 1935 1056 2113 1140; x_wconf 84' lang='lat' dir='ltr'><strong>cepit</strong></span> <span class='ocrx_word' id='word_1_80' title='bbox 2144 1049 2394 1132; x_wconf 59' lang='lat' dir='ltr'><strong>‘&#39;3⁸34&#39;oe</strong></span> 
     </span>
     <span class='ocr_line' id='line_1_11' title="bbox 105 1132 2333 1224; baseline 0.002 -29"><span class='ocrx_word' id='word_1_81' title='bbox 105 1134 326 1199; x_wconf 86' lang='lat' dir='ltr'><strong>locum.</strong></span> <span class='ocrx_word' id='word_1_82' title='bbox 418 1135 526 1197; x_wconf 66' lang='lat' dir='ltr'><strong>M?</strong></span> <span class='ocrx_word' id='word_1_83' title='bbox 573 1138 938 1221; x_wconf 84' lang='lat' dir='ltr'><strong>Aquillius,</strong></span> <span class='ocrx_word' id='word_1_84' title='bbox 1022 1159 1149 1224; x_wconf 87' lang='lat' dir='ltr'><strong>qua</strong></span> <span class='ocrx_word' id='word_1_85' title='bbox 1204 1138 1582 1224; x_wconf 86' lang='lat' dir='ltr'><strong>irrupturus</strong></span> <span class='ocrx_word' id='word_1_86' title='bbox 1631 1136 1699 1198; x_wconf 91' lang='lat' dir='ltr'><strong>in</strong></span> <span class='ocrx_word' id='word_1_87' title='bbox 1742 1136 2110 1218; x_wconf 86' lang='lat' dir='ltr'><strong>Bithyniam</strong></span> <span class='ocrx_word' id='word_1_88' title='bbox 2132 1132 2333 1191; x_wconf 54' lang='lat' dir='ltr'><strong>“m&#39;‘</strong></span> 
     </span>
     <span class='ocr_line' id='line_1_12' title="bbox 110 1217 2107 1319; baseline 0.001 -39"><span class='ocrx_word' id='word_1_89' title='bbox 110 1218 521 1280; x_wconf 81' lang='lat' dir='ltr'><strong>Mithridates</strong></span> <span class='ocrx_word' id='word_1_90' title='bbox 566 1218 996 1294; x_wconf 85' lang='lat' dir='ltr'><strong>credebatur,</strong></span> <span class='ocrx_word' id='word_1_91' title='bbox 1063 1218 1380 1283; x_wconf 82' lang='lat' dir='ltr'><strong>consedit.</strong></span> <span class='ocrx_word' id='word_1_92' title='bbox 1467 1221 1552 1282; x_wconf 87' lang='lat' dir='ltr'><strong>Ca</strong></span> <span class='ocrx_word' id='word_1_93' title='bbox 1603 1218 1913 1319; x_wconf 84' lang='lat' dir='ltr'><strong>padociae</strong></span> <span class='ocrx_word' id='word_1_94' title='bbox 1959 1217 2107 1282; x_wconf 86' lang='lat' dir='ltr'><strong>fini-</strong></span> 
     </span>
    </p>
   </div>
   <div class='ocr_carea' id='block_1_3' title="bbox 3 1244 2105 1482">
    <p class='ocr_par' dir='ltr' id='par_1_4' title="bbox 3 1244 2105 1482">
     <span class='ocr_line' id='line_1_13' title="bbox 3 1244 2105 1390; baseline 0 -29"><span class='ocrx_word' id='word_1_95' title='bbox 3 1341 6 1390; x_wconf 66' lang='lat'>3</span> <span class='ocrx_word' id='word_1_96' title='bbox 109 1299 215 1363; x_wconf 85' lang='lat' dir='ltr'><strong>bus</strong></span> <span class='ocrx_word' id='word_1_97' title='bbox 245 1301 376 1385; x_wconf 78' lang='lat' dir='ltr'><strong>Ap.</strong></span> <span class='ocrx_word' id='word_1_98' title='bbox 409 1298 729 1363; x_wconf 87' lang='lat' dir='ltr'><strong>Claudius</strong></span> <span class='ocrx_word' id='word_1_99' title='bbox 760 1300 1181 1387; x_wconf 86' lang='lat' dir='ltr'><strong>praefidebat.</strong></span> <span class='ocrx_word' id='word_1_100' title='bbox 1267 1304 1519 1387; x_wconf 85' lang='lat' dir='ltr'><strong>Copiae</strong></span> <span class='ocrx_word' id='word_1_101' title='bbox 1553 1244 1660 1367; x_wconf 59' lang='lat' dir='ltr'><strong>fiis</strong></span> <span class='ocrx_word' id='word_1_102' title='bbox 1696 1315 1881 1364; x_wconf 88' lang='lat' dir='ltr'><strong>erant</strong></span> <span class='ocrx_word' id='word_1_103' title='bbox 1917 1301 2105 1386; x_wconf 91' lang='lat' dir='ltr'><strong>equi-</strong></span> 
     </span>
     <span class='ocr_line' id='line_1_14' title="bbox 3 1382 2104 1482; baseline 0.003 -44"><span class='ocrx_word' id='word_1_104' title='bbox 3 1390 6 1438; x_wconf 75' lang='grc'><strong>’.</strong></span> <span class='ocrx_word' id='word_1_105' title='bbox 104 1394 220 1448; x_wconf 82' lang='lat' dir='ltr'><strong>tum</strong></span> <span class='ocrx_word' id='word_1_106' title='bbox 272 1382 720 1467; x_wconf 83' lang='lat' dir='ltr'><strong>peditumque</strong></span> <span class='ocrx_word' id='word_1_107' title='bbox 772 1384 1182 1482; x_wconf 85' lang='lat' dir='ltr'><strong>quadragena</strong></span> <span class='ocrx_word' id='word_1_108' title='bbox 1232 1385 1518 1448; x_wconf 69' lang='lat' dir='ltr'><strong>,circiter</strong></span> <span class='ocrx_word' id='word_1_109' title='bbox 1580 1383 1803 1447; x_wconf 84' lang='lat' dir='ltr'><strong>millia.</strong></span> <span class='ocrx_word' id='word_1_110' title='bbox 1887 1386 2104 1446; x_wconf 80' lang='lat' dir='ltr'><strong>Naves</strong></span> 
     </span>
    </p>
   </div>
   <div class='ocr_carea' id='block_1_4' title="bbox 109 1464 2099 1564">
    <p class='ocr_par' dir='ltr' id='par_1_5' title="bbox 109 1464 2099 1564">
     <span class='ocr_line' id='line_1_15' title="bbox 109 1464 2099 1564; baseline 0.002 -40"><span class='ocrx_word' id='word_1_111' title='bbox 109 1465 272 1526; x_wconf 80' lang='lat' dir='ltr'><strong>etiam</strong></span> <span class='ocrx_word' id='word_1_112' title='bbox 318 1464 648 1538; x_wconf 85' lang='lat' dir='ltr'><strong>aderant,</strong></span> <span class='ocrx_word' id='word_1_113' title='bbox 710 1467 945 1550; x_wconf 76' lang='lat' dir='ltr'><strong>quibus</strong></span> <span class='ocrx_word' id='word_1_114' title='bbox 982 1466 1309 1564; x_wconf 80' lang='lat' dir='ltr'><strong>praefecti</strong></span> <span class='ocrx_word' id='word_1_115' title='bbox 1348 1467 1676 1530; x_wconf 85' lang='lat' dir='ltr'><strong>Minucius</strong></span> <span class='ocrx_word' id='word_1_116' title='bbox 1724 1464 1975 1536; x_wconf 67' lang='lat' dir='ltr'><strong>Ruina,</strong></span> <span class='ocrx_word' id='word_1_117' title='bbox 2026 1467 2099 1527; x_wconf 89' lang='lat' dir='ltr'><strong>C.</strong></span> 
     </span>
    </p>
   </div>
   <div class='ocr_carea' id='block_1_5' title="bbox 3 1545 2099 1634">
    <p class='ocr_par' dir='ltr' id='par_1_6' title="bbox 3 1545 2099 1634">
     <span class='ocr_line' id='line_1_16' title="bbox 3 1545 2099 1634; baseline 0.001 -30"><span class='ocrx_word' id='word_1_118' title='bbox 3 1558 4 1565; x_wconf 56' lang='lat'>¹</span> <span class='ocrx_word' id='word_1_119' title='bbox 115 1546 413 1631; x_wconf 76' lang='lat' dir='ltr'><strong>Popillius</strong></span> <span class='ocrx_word' id='word_1_120' title='bbox 449 1545 780 1629; x_wconf 82' lang='lat' dir='ltr'><strong>angustias</strong></span> <span class='ocrx_word' id='word_1_121' title='bbox 818 1551 1011 1610; x_wconf 74' lang='lat' dir='ltr'><strong>Ponti</strong></span> <span class='ocrx_word' id='word_1_122' title='bbox 1043 1548 1217 1634; x_wconf 89' lang='lat' dir='ltr'><strong>apud</strong></span> <span class='ocrx_word' id='word_1_123' title='bbox 1242 1549 1626 1633; x_wconf 87' lang='lat' dir='ltr'><strong>Byzantium</strong></span> <span class='ocrx_word' id='word_1_124' title='bbox 1647 1546 2099 1610; x_wconf 80' lang='lat' dir='ltr'><strong>observabant.</strong></span> 
     </span>
    </p>
   </div>
   <div class='ocr_carea' id='block_1_6' title="bbox 104 1628 2104 1960">
    <p class='ocr_par' dir='ltr' id='par_1_7' title="bbox 104 1628 2104 1960">
     <span class='ocr_line' id='line_1_17' title="bbox 120 1628 2098 1701; baseline 0.001 -15"><span class='ocrx_word' id='word_1_125' title='bbox 120 1628 356 1690; x_wconf 83' lang='lat' dir='ltr'><strong>Praeter</strong></span> <span class='ocrx_word' id='word_1_126' title='bbox 417 1628 595 1689; x_wconf 89' lang='lat' dir='ltr'><strong>haec</strong></span> <span class='ocrx_word' id='word_1_127' title='bbox 652 1629 1047 1694; x_wconf 87' lang='lat' dir='ltr'><strong>Nicomedes</strong></span> <span class='ocrx_word' id='word_1_128' title='bbox 1113 1629 1293 1692; x_wconf 82' lang='lat' dir='ltr'><strong>suum</strong></span> <span class='ocrx_word' id='word_1_129' title='bbox 1350 1629 1628 1693; x_wconf 85' lang='lat' dir='ltr'><strong>habebat</strong></span> <span class='ocrx_word' id='word_1_130' title='bbox 1691 1628 2049 1692; x_wconf 87' lang='lat' dir='ltr'><strong>exercitum</strong></span> <span class='ocrx_word' id='word_1_131' title='bbox 2078 1669 2098 1701; x_wconf 92' lang='lat'><strong>,</strong></span> 
     </span>
     <span class='ocr_line' id='line_1_18' title="bbox 114 1709 2101 1798; baseline 0.001 -29"><span class='ocrx_word' id='word_1_132' title='bbox 114 1709 570 1793; x_wconf 82' lang='lat' dir='ltr'><strong>quinquaginta</strong></span> <span class='ocrx_word' id='word_1_133' title='bbox 683 1709 929 1773; x_wconf 87' lang='lat' dir='ltr'><strong>editum</strong></span> <span class='ocrx_word' id='word_1_134' title='bbox 981 1711 1185 1773; x_wconf 88' lang='lat' dir='ltr'><strong>millia</strong></span> <span class='ocrx_word' id='word_1_135' title='bbox 1206 1754 1226 1786; x_wconf 91' lang='lat'>‚</span> <span class='ocrx_word' id='word_1_136' title='bbox 1294 1711 1405 1775; x_wconf 82' lang='lat' dir='ltr'><strong>sex</strong></span> <span class='ocrx_word' id='word_1_137' title='bbox 1451 1712 1765 1798; x_wconf 87' lang='lat' dir='ltr'><strong>equitum.</strong></span> <span class='ocrx_word' id='word_1_138' title='bbox 1867 1713 2101 1793; x_wconf 87' lang='lat' dir='ltr'><strong>Neque</strong></span> 
     </span>
     <span class='ocr_line' id='line_1_19' title="bbox 108 1791 2103 1876; baseline 0.001 -27"><span class='ocrx_word' id='word_1_139' title='bbox 108 1791 297 1852; x_wconf 86' lang='lat' dir='ltr'><strong>minus</strong></span> <span class='ocrx_word' id='word_1_140' title='bbox 347 1791 599 1853; x_wconf 85' lang='lat' dir='ltr'><strong>Mithri</strong></span> <span class='ocrx_word' id='word_1_141' title='bbox 649 1791 739 1852; x_wconf 93' lang='lat' dir='ltr'><strong>ati</strong></span> <span class='ocrx_word' id='word_1_142' title='bbox 798 1791 1038 1855; x_wconf 85' lang='lat' dir='ltr'><strong>virium</strong></span> <span class='ocrx_word' id='word_1_143' title='bbox 1091 1807 1268 1869; x_wconf 89' lang='lat' dir='ltr'><strong>erat,</strong></span> <span class='ocrx_word' id='word_1_144' title='bbox 1330 1809 1589 1857; x_wconf 89' lang='lat' dir='ltr'><strong>centum</strong></span> <span class='ocrx_word' id='word_1_145' title='bbox 1677 1791 2103 1876; x_wconf 79' lang='lat' dir='ltr'><strong>uinquaginta</strong></span> 
     </span>
     <span class='ocr_line' id='line_1_20' title="bbox 104 1872 2104 1960; baseline 0.001 -29"><span class='ocrx_word' id='word_1_146' title='bbox 104 1872 280 1934; x_wconf 83' lang='lat' dir='ltr'><strong>millia</strong></span> <span class='ocrx_word' id='word_1_147' title='bbox 314 1873 597 1956; x_wconf 84' lang='lat' dir='ltr'><strong>proprii</strong></span> <span class='ocrx_word' id='word_1_148' title='bbox 632 1873 862 1935; x_wconf 83' lang='lat' dir='ltr'><strong>militis</strong></span> <span class='ocrx_word' id='word_1_149' title='bbox 887 1917 903 1946; x_wconf 93' lang='lat'><strong>‚</strong></span> <span class='ocrx_word' id='word_1_150' title='bbox 964 1895 1111 1938; x_wconf 90' lang='lat' dir='ltr'><strong>cum</strong></span> <span class='ocrx_word' id='word_1_151' title='bbox 1159 1877 1453 1960; x_wconf 86' lang='lat' dir='ltr'><strong>equitum</strong></span> <span class='ocrx_word' id='word_1_152' title='bbox 1493 1875 1634 1937; x_wconf 90' lang='lat' dir='ltr'><strong>mill</strong></span> <span class='ocrx_word' id='word_1_153' title='bbox 1707 1896 1783 1937; x_wconf 84' lang='lat' dir='ltr'><strong>us</strong></span> <span class='ocrx_word' id='word_1_154' title='bbox 1824 1872 2104 1960; x_wconf 89' lang='lat' dir='ltr'><strong>quadra-</strong></span> 
     </span>
    </p>
   </div>
   <div class='ocr_carea' id='block_1_7' title="bbox 3 1953 2103 2096">
    <p class='ocr_par' dir='ltr' id='par_1_8' title="bbox 3 1953 2103 2096">
     <span class='ocr_line' id='line_1_21' title="bbox 3 1953 2103 2096; baseline 0 -82"><span class='ocrx_word' id='word_1_155' title='bbox 3 1955 6 1972; x_wconf 85' lang='lat'>&#39;</span> <span class='ocrx_word' id='word_1_156' title='bbox 102 1969 293 2096; x_wconf 53' lang='lat' dir='ltr'><strong>{tutat</strong></span> <span class='ocrx_word' id='word_1_157' title='bbox 337 1976 558 2016; x_wconf 85' lang='lat' dir='ltr'><strong>naves</strong></span> <span class='ocrx_word' id='word_1_158' title='bbox 585 1968 799 2017; x_wconf 89' lang='lat' dir='ltr'><strong>tectae</strong></span> <span class='ocrx_word' id='word_1_159' title='bbox 835 1970 1206 2033; x_wconf 85' lang='lat' dir='ltr'><strong>trecentae,</strong></span> <span class='ocrx_word' id='word_1_160' title='bbox 1250 1972 1512 2020; x_wconf 86' lang='lat' dir='ltr'><strong>centum</strong></span> <span class='ocrx_word' id='word_1_161' title='bbox 1563 1956 1839 2020; x_wconf 86' lang='lat' dir='ltr'><strong>dicrota.</strong></span> <span class='ocrx_word' id='word_1_162' title='bbox 1914 1953 2103 2016; x_wconf 87' lang='lat' dir='ltr'><strong>dein-</strong></span> 
     </span>
    </p>
   </div>
   <div class='ocr_carea' id='block_1_8' title="bbox 105 2036 2419 2284">
    <p class='ocr_par' dir='ltr' id='par_1_9' title="bbox 105 2036 2419 2284">
     <span class='ocr_line' id='line_1_22' title="bbox 140 2036 2038 2121; baseline 0.002 -24"><span class='ocrx_word' id='word_1_163' title='bbox 140 2056 173 2097; x_wconf 87' lang='lat' dir='ltr'><strong>e</strong></span> <span class='ocrx_word' id='word_1_164' title='bbox 204 2036 514 2120; x_wconf 86' lang='lat' dir='ltr'><strong>reliquus</strong></span> <span class='ocrx_word' id='word_1_165' title='bbox 558 2051 904 2121; x_wconf 86' lang='lat' dir='ltr'><strong>apparatus</strong></span> <span class='ocrx_word' id='word_1_166' title='bbox 941 2053 1156 2103; x_wconf 88' lang='lat' dir='ltr'><strong>tantae</strong></span> <span class='ocrx_word' id='word_1_167' title='bbox 1188 2061 1270 2102; x_wconf 86' lang='lat' dir='ltr'><strong>ex</strong></span> <span class='ocrx_word' id='word_1_168' title='bbox 1318 2038 1598 2102; x_wconf 87' lang='lat' dir='ltr'><strong>editioni</strong></span> <span class='ocrx_word' id='word_1_169' title='bbox 1633 2060 1765 2101; x_wconf 89' lang='lat' dir='ltr'><strong>non</strong></span> <span class='ocrx_word' id='word_1_170' title='bbox 1809 2038 1895 2099; x_wconf 91' lang='lat' dir='ltr'><strong>im</strong></span> <span class='ocrx_word' id='word_1_171' title='bbox 1946 2057 2038 2101; x_wconf 86' lang='lat' dir='ltr'><strong>ar.</strong></span> 
     </span>
     <span class='ocr_line' id='line_1_23' title="bbox 219 2119 2403 2186; baseline -0.003 -7"><span class='ocrx_word' id='word_1_172' title='bbox 219 2120 461 2179; x_wconf 82' lang='lat' dir='ltr'>XLIX.</span> <span class='ocrx_word' id='word_1_173' title='bbox 513 2119 947 2183; x_wconf 84' lang='lat' dir='ltr'><strong>Praetoribus</strong></span> <span class='ocrx_word' id='word_1_174' title='bbox 1005 2127 1146 2186; x_wconf 88' lang='lat' dir='ltr'><strong>Neo</strong></span> <span class='ocrx_word' id='word_1_175' title='bbox 1197 2137 1265 2184; x_wconf 91' lang='lat' dir='ltr'><strong>to</strong></span> <span class='ocrx_word' id='word_1_176' title='bbox 1296 2142 1441 2183; x_wconf 90' lang='lat' dir='ltr'><strong>emo</strong></span> <span class='ocrx_word' id='word_1_177' title='bbox 1479 2121 1753 2183; x_wconf 83' lang='lat' dir='ltr'><strong>maxime</strong></span> <span class='ocrx_word' id='word_1_178' title='bbox 1796 2134 1862 2182; x_wconf 90' lang='lat' dir='ltr'><strong>et</strong></span> <span class='ocrx_word' id='word_1_179' title='bbox 1927 2132 2104 2181; x_wconf 85' lang='lat' dir='ltr'><strong>ratre</strong></span> <span class='ocrx_word' id='word_1_180' title='bbox 2170 2122 2403 2178; x_wconf 67' lang='lat' dir='ltr'><strong>Mithri.</strong></span> 
     </span>
     <span class='ocr_line' id='line_1_24' title="bbox 105 2191 2419 2284; baseline 0 -23"><span class='ocrx_word' id='word_1_181' title='bbox 105 2198 226 2281; x_wconf 88' lang='lat' dir='ltr'><strong>ejus</strong></span> <span class='ocrx_word' id='word_1_182' title='bbox 259 2200 610 2263; x_wconf 84' lang='lat' dir='ltr'><strong>Archelao</strong></span> <span class='ocrx_word' id='word_1_183' title='bbox 655 2202 998 2278; x_wconf 82' lang='lat' dir='ltr'><strong>utebatur,</strong></span> <span class='ocrx_word' id='word_1_184' title='bbox 1060 2224 1149 2265; x_wconf 87' lang='lat' dir='ltr'><strong>no</strong></span> <span class='ocrx_word' id='word_1_185' title='bbox 1198 2204 1481 2267; x_wconf 81' lang='lat' dir='ltr'><strong>ilimmis</strong></span> <span class='ocrx_word' id='word_1_186' title='bbox 1522 2203 1725 2277; x_wconf 82' lang='lat' dir='ltr'><strong>viris,</strong></span> <span class='ocrx_word' id='word_1_187' title='bbox 1788 2214 1856 2263; x_wconf 90' lang='lat' dir='ltr'><strong>et</strong></span> <span class='ocrx_word' id='word_1_188' title='bbox 1897 2222 2104 2284; x_wconf 81' lang='lat' dir='ltr'><strong>genus</strong></span> <span class='ocrx_word' id='word_1_189' title='bbox 2131 2191 2286 2247; x_wconf 57' lang='lat' dir='ltr'><strong>‘¹⁶⁸st</strong></span> <span class='ocrx_word' id='word_1_190' title='bbox 2317 2194 2419 2248; x_wconf 57' lang='grc' dir='ltr'><strong>δῦ·</strong></span> 
     </span>
    </p>
   </div>
   <div class='ocr_carea' id='block_1_9' title="bbox 3 2279 2243 2448">
    <p class='ocr_par' dir='ltr' id='par_1_10' title="bbox 3 2279 2243 2448">
     <span class='ocr_line' id='line_1_25' title="bbox 3 2279 2243 2368; baseline 0 -25"><span class='ocrx_word' id='word_1_191' title='bbox 3 2300 6 2366; x_wconf 30' lang='lat'><strong>‘1</strong></span> <span class='ocrx_word' id='word_1_192' title='bbox 103 2283 171 2344; x_wconf 84' lang='lat' dir='ltr'><strong>ad</strong></span> <span class='ocrx_word' id='word_1_193' title='bbox 221 2303 461 2367; x_wconf 82' lang='lat' dir='ltr'><strong>regem</strong></span> <span class='ocrx_word' id='word_1_194' title='bbox 506 2283 910 2366; x_wconf 85' lang='lat' dir='ltr'><strong>Argivorum</strong></span> <span class='ocrx_word' id='word_1_195' title='bbox 971 2290 1371 2361; x_wconf 84' lang='lat' dir='ltr'><strong>Temenum,</strong></span> <span class='ocrx_word' id='word_1_196' title='bbox 1446 2283 1628 2365; x_wconf 83' lang='lat' dir='ltr'><strong>cujus</strong></span> <span class='ocrx_word' id='word_1_197' title='bbox 1673 2286 1849 2347; x_wconf 87' lang='lat' dir='ltr'><strong>inter</strong></span> <span class='ocrx_word' id='word_1_198' title='bbox 1897 2280 2106 2368; x_wconf 87' lang='lat' dir='ltr'><strong>poste·</strong></span> <span class='ocrx_word' id='word_1_199' title='bbox 2140 2279 2243 2318; x_wconf 75' lang='lat'><strong>“⁸⁶</strong></span> 
     </span>
     <span class='ocr_line' id='line_1_26' title="bbox 108 2363 2111 2448; baseline 0.001 -23.9"><span class='ocrx_word' id='word_1_200' title='bbox 108 2385 202 2426; x_wconf 77' lang='lat' dir='ltr'><strong>ros</strong></span> <span class='ocrx_word' id='word_1_201' title='bbox 261 2379 331 2428; x_wconf 88' lang='lat' dir='ltr'><strong>et</strong></span> <span class='ocrx_word' id='word_1_202' title='bbox 391 2369 683 2448; x_wconf 83' lang='lat' dir='ltr'><strong>Magnus</strong></span> <span class='ocrx_word' id='word_1_203' title='bbox 752 2366 1125 2430; x_wconf 84' lang='lat' dir='ltr'><strong>Alexander</strong></span> <span class='ocrx_word' id='word_1_204' title='bbox 1181 2368 1345 2441; x_wconf 82' lang='lat' dir='ltr'><strong>fuit,</strong></span> <span class='ocrx_word' id='word_1_205' title='bbox 1417 2367 1888 2430; x_wconf 86' lang='lat' dir='ltr'><strong>referentibus.</strong></span> <span class='ocrx_word' id='word_1_206' title='bbox 1977 2363 2111 2426; x_wconf 88' lang='lat' dir='ltr'><strong>Sed</strong></span> 
     </span>
    </p>
   </div>
   <div class='ocr_carea' id='block_1_10' title="bbox 6 2439 2121 2869">
    <p class='ocr_par' dir='ltr' id='par_1_11' title="bbox 6 2439 2121 2869">
     <span class='ocr_line' id='line_1_27' title="bbox 6 2439 2121 2534; baseline 0 -28"><span class='ocrx_word' id='word_1_207' title='bbox 6 2477 9 2524; x_wconf 54' lang='grc' dir='ltr'><em>ρ</em></span> <span class='ocrx_word' id='word_1_208' title='bbox 108 2445 223 2530; x_wconf 83' lang='lat' dir='ltr'><strong>ipse</strong></span> <span class='ocrx_word' id='word_1_209' title='bbox 281 2468 420 2510; x_wconf 84' lang='lat' dir='ltr'><strong>rex</strong></span> <span class='ocrx_word' id='word_1_210' title='bbox 489 2467 618 2530; x_wconf 86' lang='lat' dir='ltr'><strong>per</strong></span> <span class='ocrx_word' id='word_1_211' title='bbox 675 2444 745 2508; x_wconf 85' lang='lat' dir='ltr'><strong>se</strong></span> <span class='ocrx_word' id='word_1_212' title='bbox 809 2439 1287 2514; x_wconf 81' lang='lat' dir='ltr'><strong>administrabat</strong></span> <span class='ocrx_word' id='word_1_213' title='bbox 1334 2449 1636 2534; x_wconf 72' lang='lat' dir='ltr'><strong>plurima,</strong></span> <span class='ocrx_word' id='word_1_214' title='bbox 1720 2445 1978 2510; x_wconf 87' lang='lat' dir='ltr'><strong>Auxilia</strong></span> <span class='ocrx_word' id='word_1_215' title='bbox 2039 2465 2121 2508; x_wconf 92' lang='lat' dir='ltr'><strong>ex</strong></span> 
     </span>
     <span class='ocr_line' id='line_1_28' title="bbox 6 2525 2118 2613; baseline 0 -24"><span class='ocrx_word' id='word_1_216' title='bbox 6 2571 9 2604; x_wconf 23' lang='lat' dir='ltr'><strong>y</strong></span> <span class='ocrx_word' id='word_1_217' title='bbox 109 2529 344 2592; x_wconf 85' lang='lat' dir='ltr'><strong>minore</strong></span> <span class='ocrx_word' id='word_1_218' title='bbox 414 2528 737 2591; x_wconf 85' lang='lat' dir='ltr'><strong>Armenia</strong></span> <span class='ocrx_word' id='word_1_219' title='bbox 793 2530 1134 2594; x_wconf 79' lang='lat' dir='ltr'><strong>Arcathias</strong></span> <span class='ocrx_word' id='word_1_220' title='bbox 1196 2530 1601 2596; x_wconf 82' lang='lat' dir='ltr'><strong>Mithridatis</strong></span> <span class='ocrx_word' id='word_1_221' title='bbox 1677 2527 1870 2613; x_wconf 76' lang='lat' dir='ltr'><strong>ipsius</strong></span> <span class='ocrx_word' id='word_1_222' title='bbox 1941 2525 2118 2589; x_wconf 88' lang='lat' dir='ltr'><strong>filius</strong></span> 
     </span>
     <span class='ocr_line' id='line_1_29' title="bbox 6 2608 2118 2698; baseline -0 -28"><span class='ocrx_word' id='word_1_223' title='bbox 6 2637 9 2680; x_wconf 77' lang='lat'><em>5</em></span> <span class='ocrx_word' id='word_1_224' title='bbox 116 2610 503 2686; x_wconf 82' lang='lat' dir='ltr'><strong>adduxerat,</strong></span> <span class='ocrx_word' id='word_1_225' title='bbox 568 2611 797 2674; x_wconf 87' lang='lat' dir='ltr'><strong>decem</strong></span> <span class='ocrx_word' id='word_1_226' title='bbox 845 2615 1138 2698; x_wconf 89' lang='lat' dir='ltr'><strong>equitum</strong></span> <span class='ocrx_word' id='word_1_227' title='bbox 1175 2615 1402 2676; x_wconf 88' lang='lat' dir='ltr'><strong>millia.</strong></span> <span class='ocrx_word' id='word_1_228' title='bbox 1489 2612 1811 2694; x_wconf 80' lang='lat' dir='ltr'><strong>Dorylaus</strong></span> <span class='ocrx_word' id='word_1_229' title='bbox 1851 2608 2118 2693; x_wconf 89' lang='lat' dir='ltr'><strong>phalan-</strong></span> 
     </span>
     <span class='ocr_line' id='line_1_30' title="bbox 6 2693 2114 2778; baseline -0.001 -24"><span class='ocrx_word' id='word_1_230' title='bbox 6 2709 9 2732; x_wconf 55' lang='lat'><strong>&#39;†</strong></span> <span class='ocrx_word' id='word_1_231' title='bbox 123 2712 241 2775; x_wconf 74' lang='lat' dir='ltr'><strong>gem</strong></span> <span class='ocrx_word' id='word_1_232' title='bbox 308 2693 628 2776; x_wconf 85' lang='lat' dir='ltr'><strong>regebat.</strong></span> <span class='ocrx_word' id='word_1_233' title='bbox 715 2696 1023 2758; x_wconf 80' lang='lat' dir='ltr'><strong>Craterus</strong></span> <span class='ocrx_word' id='word_1_234' title='bbox 1094 2696 1398 2760; x_wconf 88' lang='lat' dir='ltr'><strong>curribus</strong></span> <span class='ocrx_word' id='word_1_235' title='bbox 1457 2694 1716 2758; x_wconf 85' lang='lat' dir='ltr'><strong>falcatis</strong></span> <span class='ocrx_word' id='word_1_236' title='bbox 1771 2706 2114 2778; x_wconf 86' lang='lat' dir='ltr'><strong>praeerat,</strong></span> 
     </span>
     <span class='ocr_line' id='line_1_31' title="bbox 6 2777 2117 2869; baseline 0 -33"><span class='ocrx_word' id='word_1_237' title='bbox 6 2821 7 2836; x_wconf 43' lang='lat'>1</span> <span class='ocrx_word' id='word_1_238' title='bbox 117 2795 378 2838; x_wconf 80' lang='lat' dir='ltr'><strong>numero</strong></span> <span class='ocrx_word' id='word_1_239' title='bbox 430 2790 702 2837; x_wconf 86' lang='lat' dir='ltr'><strong>centum</strong></span> <span class='ocrx_word' id='word_1_240' title='bbox 750 2777 1042 2860; x_wconf 82' lang='lat' dir='ltr'><strong>triginta.</strong></span> <span class='ocrx_word' id='word_1_241' title='bbox 1127 2782 1268 2842; x_wconf 90' lang='lat' dir='ltr'><strong>Hae</strong></span> <span class='ocrx_word' id='word_1_242' title='bbox 1311 2793 1448 2840; x_wconf 88' lang='lat' dir='ltr'><strong>tum</strong></span> <span class='ocrx_word' id='word_1_243' title='bbox 1496 2778 1575 2840; x_wconf 93' lang='lat' dir='ltr'><strong>ab</strong></span> <span class='ocrx_word' id='word_1_244' title='bbox 1617 2790 1894 2860; x_wconf 89' lang='lat' dir='ltr'><strong>utraque</strong></span> <span class='ocrx_word' id='word_1_245' title='bbox 1928 2788 2117 2869; x_wconf 87' lang='lat' dir='ltr'><strong>parte</strong></span> 
     </span>
    </p>
   </div>
   <div class='ocr_carea' id='block_1_11' title="bbox 7 3443 33 4112">
    <p class='ocr_par' dir='ltr' id='par_1_12' title="bbox 7 3443 33 4112">
     <span class='ocr_line' id='line_1_32' title="bbox 7 3443 33 4112; baseline 0 -166"><span class='ocrx_word' id='word_1_246' title='bbox 7 3443 33 4112; x_wconf 61' lang='lat' dir='ltr'>Q</span> 
     </span>
    </p>
   </div>
   <div class='ocr_carea' id='block_1_12' title="bbox 108 2856 2486 3938">
    <p class='ocr_par' dir='ltr' id='par_1_13' title="bbox 117 2856 2118 3003">
     <span class='ocr_line' id='line_1_33' title="bbox 117 2856 2118 2947; baseline -0 -29"><span class='ocrx_word' id='word_1_247' title='bbox 117 2860 329 2942; x_wconf 85' lang='lat' dir='ltr'><strong>copiae</strong></span> <span class='ocrx_word' id='word_1_248' title='bbox 387 2872 623 2930; x_wconf 87' lang='lat' dir='ltr'><strong>erant,</strong></span> <span class='ocrx_word' id='word_1_249' title='bbox 687 2880 882 2942; x_wconf 84' lang='lat' dir='ltr'><strong>quum</strong></span> <span class='ocrx_word' id='word_1_250' title='bbox 947 2861 1233 2947; x_wconf 86' lang='lat' dir='ltr'><strong>primum</strong></span> <span class='ocrx_word' id='word_1_251' title='bbox 1275 2863 1566 2923; x_wconf 87' lang='lat' dir='ltr'><strong>Romana</strong></span> <span class='ocrx_word' id='word_1_252' title='bbox 1621 2878 1796 2921; x_wconf 86' lang='lat' dir='ltr'><strong>arma</strong></span> <span class='ocrx_word' id='word_1_253' title='bbox 1855 2856 2118 2918; x_wconf 71' lang='lat' dir='ltr'><strong>Mithri-</strong></span> 
     </span>
     <span class='ocr_line' id='line_1_34' title="bbox 117 2937 817 3003; baseline 0.004 -4"><span class='ocrx_word' id='word_1_254' title='bbox 117 2937 333 3003; x_wconf 81' lang='lat' dir='ltr'><strong>daticis</strong></span> <span class='ocrx_word' id='word_1_255' title='bbox 379 2939 615 3002; x_wconf 81' lang='lat' dir='ltr'><strong>collisa</strong></span> <span class='ocrx_word' id='word_1_256' title='bbox 655 2939 817 3002; x_wconf 87' lang='lat' dir='ltr'><strong>sunt.</strong></span> 
     </span>
    </p>

    <p class='ocr_par' dir='ltr' id='par_1_14' title="bbox 108 3016 2486 3938">
     <span class='ocr_line' id='line_1_35' title="bbox 219 3016 2437 3094; baseline 0.002 -11"><span class='ocrx_word' id='word_1_257' title='bbox 219 3024 296 3084; x_wconf 92' lang='lat' dir='ltr'><strong>L.</strong></span> <span class='ocrx_word' id='word_1_258' title='bbox 345 3023 659 3083; x_wconf 86' lang='lat' dir='ltr'><strong>Primum</strong></span> <span class='ocrx_word' id='word_1_259' title='bbox 700 3023 877 3085; x_wconf 82' lang='lat' dir='ltr'><strong>inter</strong></span> <span class='ocrx_word' id='word_1_260' title='bbox 906 3024 1335 3088; x_wconf 87' lang='lat' dir='ltr'><strong>Nicomedem</strong></span> <span class='ocrx_word' id='word_1_261' title='bbox 1375 3037 1441 3085; x_wconf 91' lang='lat' dir='ltr'><strong>et</strong></span> <span class='ocrx_word' id='word_1_262' title='bbox 1482 3022 1684 3085; x_wconf 89' lang='lat' dir='ltr'><strong>duces</strong></span> <span class='ocrx_word' id='word_1_263' title='bbox 1719 3016 2120 3083; x_wconf 85' lang='lat' dir='ltr'><strong>Mithridatis</strong></span> <span class='ocrx_word' id='word_1_264' title='bbox 2182 3038 2313 3090; x_wconf 62' lang='lat' dir='ltr'><strong>oum</strong></span> <span class='ocrx_word' id='word_1_265' title='bbox 2335 3038 2437 3094; x_wconf 74' lang='grc' dir='ltr'><strong>Νὶ.</strong></span> 
     </span>
     <span class='ocr_line' id='line_1_36' title="bbox 120 3102 2486 3191; baseline -0.002 -28"><span class='ocrx_word' id='word_1_266' title='bbox 120 3102 274 3187; x_wconf 77' lang='lat' dir='ltr'><strong>(ipl&#39;e</strong></span> <span class='ocrx_word' id='word_1_267' title='bbox 314 3105 507 3166; x_wconf 88' lang='lat' dir='ltr'><strong>enim</strong></span> <span class='ocrx_word' id='word_1_268' title='bbox 541 3103 796 3182; x_wconf 85' lang='lat' dir='ltr'><strong>aberat)</strong></span> <span class='ocrx_word' id='word_1_269' title='bbox 832 3108 1159 3191; x_wconf 90' lang='lat' dir='ltr'><strong>proelium</strong></span> <span class='ocrx_word' id='word_1_270' title='bbox 1181 3108 1309 3170; x_wconf 82' lang='lat' dir='ltr'><strong>fuit</strong></span> <span class='ocrx_word' id='word_1_271' title='bbox 1338 3105 1510 3189; x_wconf 89' lang='lat' dir='ltr'><strong>apud</strong></span> <span class='ocrx_word' id='word_1_272' title='bbox 1543 3102 1783 3166; x_wconf 87' lang='lat' dir='ltr'><strong>flumen</strong></span> <span class='ocrx_word' id='word_1_273' title='bbox 1819 3102 2118 3173; x_wconf 87' lang='lat' dir='ltr'><strong>Amnian‚</strong></span> <span class='ocrx_word' id='word_1_274' title='bbox 2148 3108 2348 3189; x_wconf 53' lang='lat' dir='ltr'><strong>camede</strong></span> <span class='ocrx_word' id='word_1_275' title='bbox 2363 3126 2486 3165; x_wconf 75' lang='lat' dir='ltr'><strong>eon.</strong></span> 
     </span>
     <span class='ocr_line' id='line_1_37' title="bbox 116 3178 2364 3256; baseline 0.001 -12"><span class='ocrx_word' id='word_1_276' title='bbox 116 3185 215 3247; x_wconf 87' lang='lat' dir='ltr'><strong>ubi</strong></span> <span class='ocrx_word' id='word_1_277' title='bbox 245 3186 661 3248; x_wconf 78' lang='lat' dir='ltr'><strong>Nicomedes</strong></span> <span class='ocrx_word' id='word_1_278' title='bbox 699 3190 1058 3251; x_wconf 85' lang='lat' dir='ltr'><strong>exercitum</strong></span> <span class='ocrx_word' id='word_1_279' title='bbox 1095 3190 1275 3251; x_wconf 83' lang='lat' dir='ltr'><strong>suum</strong></span> <span class='ocrx_word' id='word_1_280' title='bbox 1314 3186 1630 3256; x_wconf 74' lang='lat' dir='ltr'><strong>instruxit.</strong></span> <span class='ocrx_word' id='word_1_281' title='bbox 1720 3186 1808 3247; x_wconf 87' lang='lat' dir='ltr'><strong>At</strong></span> <span class='ocrx_word' id='word_1_282' title='bbox 1833 3178 2364 3256; x_wconf 71' lang='lat' dir='ltr'><strong>Pontici,fl¹8¹⁴⁸‘·</strong></span> 
     </span>
     <span class='ocr_line' id='line_1_38' title="bbox 120 3264 2120 3355; baseline -0.002 -27"><span class='ocrx_word' id='word_1_283' title='bbox 120 3287 300 3350; x_wconf 84' lang='lat' dir='ltr'><strong>quum</strong></span> <span class='ocrx_word' id='word_1_284' title='bbox 330 3270 407 3330; x_wconf 91' lang='lat' dir='ltr'><strong>in</strong></span> <span class='ocrx_word' id='word_1_285' title='bbox 436 3269 826 3330; x_wconf 82' lang='lat' dir='ltr'><strong>universum</strong></span> <span class='ocrx_word' id='word_1_286' title='bbox 856 3271 1281 3355; x_wconf 84' lang='lat' dir='ltr'><strong>quadraginta</strong></span> <span class='ocrx_word' id='word_1_287' title='bbox 1311 3269 1630 3355; x_wconf 85' lang='lat' dir='ltr'><strong>peditum,</strong></span> <span class='ocrx_word' id='word_1_288' title='bbox 1682 3267 1909 3329; x_wconf 88' lang='lat' dir='ltr'><strong>decem</strong></span> <span class='ocrx_word' id='word_1_289' title='bbox 1935 3264 2120 3350; x_wconf 86' lang='lat' dir='ltr'><strong>equi-</strong></span> 
     </span>
     <span class='ocr_line' id='line_1_39' title="bbox 116 3349 2123 3438; baseline 0 -29"><span class='ocrx_word' id='word_1_290' title='bbox 116 3360 241 3410; x_wconf 81' lang='lat' dir='ltr'><strong>tum</strong></span> <span class='ocrx_word' id='word_1_291' title='bbox 285 3352 506 3413; x_wconf 88' lang='lat' dir='ltr'><strong>millia</strong></span> <span class='ocrx_word' id='word_1_292' title='bbox 547 3350 905 3425; x_wconf 86' lang='lat' dir='ltr'><strong>haberent,</strong></span> <span class='ocrx_word' id='word_1_293' title='bbox 965 3354 1117 3437; x_wconf 91' lang='lat' dir='ltr'><strong>quia</strong></span> <span class='ocrx_word' id='word_1_294' title='bbox 1167 3352 1448 3438; x_wconf 90' lang='lat' dir='ltr'><strong>phalanx</strong></span> <span class='ocrx_word' id='word_1_295' title='bbox 1484 3349 1666 3434; x_wconf 83' lang='lat' dir='ltr'><strong>sequi</strong></span> <span class='ocrx_word' id='word_1_296' title='bbox 1715 3369 1848 3410; x_wconf 89' lang='lat' dir='ltr'><strong>non</strong></span> <span class='ocrx_word' id='word_1_297' title='bbox 1886 3362 2123 3431; x_wconf 88' lang='lat' dir='ltr'><strong>potue-</strong></span> 
     </span>
     <span class='ocr_line' id='line_1_40' title="bbox 108 3429 2124 3519; baseline -0.004 -23"><span class='ocrx_word' id='word_1_298' title='bbox 108 3445 240 3505; x_wconf 61' lang='lat' dir='ltr'><strong>rat,</strong></span> <span class='ocrx_word' id='word_1_299' title='bbox 297 3448 583 3517; x_wconf 85' lang='lat' dir='ltr'><strong>praeter</strong></span> <span class='ocrx_word' id='word_1_300' title='bbox 615 3433 963 3516; x_wconf 66' lang='lat' dir='ltr'><strong>Arcathiae</strong></span> <span class='ocrx_word' id='word_1_301' title='bbox 1004 3436 1398 3519; x_wconf 87' lang='lat' dir='ltr'><strong>equitatum,</strong></span> <span class='ocrx_word' id='word_1_302' title='bbox 1445 3431 1888 3517; x_wconf 85' lang='lat' dir='ltr'><strong>quosdamque</strong></span> <span class='ocrx_word' id='word_1_303' title='bbox 1925 3429 2124 3489; x_wconf 83' lang='lat' dir='ltr'><strong>salca-</strong></span> 
     </span>
     <span class='ocr_line' id='line_1_41' title="bbox 119 3509 2124 3590; baseline -0.002 -15"><span class='ocrx_word' id='word_1_304' title='bbox 119 3523 324 3576; x_wconf 82' lang='lat' dir='ltr'><strong>torum</strong></span> <span class='ocrx_word' id='word_1_305' title='bbox 382 3537 742 3590; x_wconf 87' lang='lat' dir='ltr'><strong>curruum,</strong></span> <span class='ocrx_word' id='word_1_306' title='bbox 817 3514 1261 3579; x_wconf 88' lang='lat' dir='ltr'><strong>tantummodo</strong></span> <span class='ocrx_word' id='word_1_307' title='bbox 1316 3517 1531 3577; x_wconf 83' lang='lat' dir='ltr'><strong>levem</strong></span> <span class='ocrx_word' id='word_1_308' title='bbox 1589 3525 1974 3575; x_wconf 84' lang='lat' dir='ltr'><strong>armaturam</strong></span> <span class='ocrx_word' id='word_1_309' title='bbox 2012 3509 2124 3571; x_wconf 87' lang='lat' dir='ltr'><strong>ad-</strong></span> 
     </span>
     <span class='ocr_line' id='line_1_42' title="bbox 122 3591 2124 3680; baseline -0.002 -24"><span class='ocrx_word' id='word_1_310' title='bbox 122 3591 451 3660; x_wconf 84' lang='lat' dir='ltr'><strong>duxerant.</strong></span> <span class='ocrx_word' id='word_1_311' title='bbox 493 3598 776 3670; x_wconf 84' lang='lat' dir='ltr'><strong>idcirco,</strong></span> <span class='ocrx_word' id='word_1_312' title='bbox 804 3619 891 3660; x_wconf 88' lang='lat' dir='ltr'><strong>ne</strong></span> <span class='ocrx_word' id='word_1_313' title='bbox 909 3621 942 3660; x_wconf 92' lang='lat' dir='ltr'><strong>a</strong></span> <span class='ocrx_word' id='word_1_314' title='bbox 960 3599 1375 3661; x_wconf 87' lang='lat' dir='ltr'><strong>multitudine</strong></span> <span class='ocrx_word' id='word_1_315' title='bbox 1395 3597 1825 3680; x_wconf 88' lang='lat' dir='ltr'><strong>Bithynorum</strong></span> <span class='ocrx_word' id='word_1_316' title='bbox 1844 3593 2124 3656; x_wconf 89' lang='lat' dir='ltr'><strong>circum-</strong></span> 
     </span>
     <span class='ocr_line' id='line_1_43' title="bbox 123 3674 2125 3765; baseline 0.001 -32"><span class='ocrx_word' id='word_1_317' title='bbox 123 3683 527 3755; x_wconf 79' lang='lat' dir='ltr'><strong>venirentur,</strong></span> <span class='ocrx_word' id='word_1_318' title='bbox 566 3681 885 3743; x_wconf 88' lang='lat' dir='ltr'><strong>tumulum</strong></span> <span class='ocrx_word' id='word_1_319' title='bbox 916 3679 1257 3765; x_wconf 86' lang='lat' dir='ltr'><strong>quemdam</strong></span> <span class='ocrx_word' id='word_1_320' title='bbox 1278 3677 1567 3741; x_wconf 82' lang='lat' dir='ltr'><strong>saxosum</strong></span> <span class='ocrx_word' id='word_1_321' title='bbox 1585 3674 1912 3739; x_wconf 81' lang='lat' dir='ltr'><strong>&#39;mediocri</strong></span> <span class='ocrx_word' id='word_1_322' title='bbox 1934 3694 2125 3758; x_wconf 86' lang='lat' dir='ltr'><strong>prae-</strong></span> 
     </span>
     <span class='ocr_line' id='line_1_44' title="bbox 124 3753 2124 3847; baseline 0.001 -27"><span class='ocrx_word' id='word_1_323' title='bbox 124 3753 265 3826; x_wconf 80' lang='lat' dir='ltr'><strong>fidio</strong></span> <span class='ocrx_word' id='word_1_324' title='bbox 284 3762 1261 3847; x_wconf 83' lang='lat' dir='ltr'><strong>occuparunt.Animadversum</strong></span> <span class='ocrx_word' id='word_1_325' title='bbox 1276 3760 1623 3843; x_wconf 83' lang='lat' dir='ltr'><strong>aBithynis</strong></span> <span class='ocrx_word' id='word_1_326' title='bbox 1648 3756 1980 3821; x_wconf 79' lang='lat' dir='ltr'><strong>consilium</strong></span> <span class='ocrx_word' id='word_1_327' title='bbox 1999 3754 2124 3821; x_wconf 74' lang='lat' dir='ltr'><strong>est:</strong></span> 
     </span>
     <span class='ocr_line' id='line_1_45' title="bbox 121 3839 1996 3938; baseline -0.001 -35"><span class='ocrx_word' id='word_1_328' title='bbox 121 3856 181 3903; x_wconf 82' lang='lat' dir='ltr'><strong>et</strong></span> <span class='ocrx_word' id='word_1_329' title='bbox 218 3845 299 3907; x_wconf 88' lang='lat' dir='ltr'><strong>ad</strong></span> <span class='ocrx_word' id='word_1_330' title='bbox 332 3846 869 3938; x_wconf 85' lang='lat' dir='ltr'><strong>recuperandum</strong></span> <span class='ocrx_word' id='word_1_331' title='bbox 899 3846 1133 3909; x_wconf 89' lang='lat' dir='ltr'><strong>collem</strong></span> <span class='ocrx_word' id='word_1_332' title='bbox 1165 3865 1436 3930; x_wconf 82' lang='lat' dir='ltr'><strong>magnae</strong></span> <span class='ocrx_word' id='word_1_333' title='bbox 1476 3842 1706 3927; x_wconf 80' lang='lat' dir='ltr'><strong>copiae</strong></span> <span class='ocrx_word' id='word_1_334' title='bbox 1751 3839 1996 3901; x_wconf 77' lang='lat' dir='ltr'><strong>miss&#39;ae.</strong></span> 
     </span>
    </p>
   </div>
   <div class='ocr_carea' id='block_1_13' title="bbox 188 3992 2128 4078">
    <p class='ocr_par' dir='ltr' id='par_1_15' title="bbox 188 3992 2128 4078">
     <span class='ocr_line' id='line_1_46' title="bbox 188 3992 2128 4078; baseline -0.004 -20"><span class='ocrx_word' id='word_1_335' title='bbox 188 4004 331 4078; x_wconf 86' lang='lat' dir='ltr'><strong>Cap.</strong></span> <span class='ocrx_word' id='word_1_336' title='bbox 349 4005 586 4061; x_wconf 79' lang='lat' dir='ltr'>XLVII.</span> <span class='ocrx_word' id='word_1_337' title='bbox 623 4000 882 4076; x_wconf 80' lang='lat' dir='ltr'><strong>Appian.</strong></span> <span class='ocrx_word' id='word_1_338' title='bbox 957 4001 1102 4075; x_wconf 84' lang='lat' dir='ltr'><strong>Cap.</strong></span> <span class='ocrx_word' id='word_1_339' title='bbox 1126 4002 1320 4062; x_wconf 79' lang='lat' dir='ltr'><strong>xle.</strong></span> <span class='ocrx_word' id='word_1_340' title='bbox 1350 3998 1590 4072; x_wconf 78' lang='lat' dir='ltr'><strong>Joseph.</strong></span> <span class='ocrx_word' id='word_1_341' title='bbox 1614 3995 1686 4053; x_wconf 86' lang='lat' dir='ltr'><strong>de</strong></span> <span class='ocrx_word' id='word_1_342' title='bbox 1706 3995 1874 4052; x_wconf 79' lang='lat' dir='ltr'><strong>Be‘llo</strong></span> <span class='ocrx_word' id='word_1_343' title='bbox 1896 3992 2128 4055; x_wconf 77' lang='lat' dir='ltr'><strong>Juda‘fc.</strong></span> 
     </span>
    </p>
   </div>
   <div class='ocr_carea' id='block_1_14' title="bbox 16 4043 2295 4152">
    <p class='ocr_par' dir='ltr' id='par_1_16' title="bbox 16 4043 2295 4152">
     <span class='ocr_line' id='line_1_47' title="bbox 16 4043 2295 4152; baseline -0.007 -18"><span class='ocrx_word' id='word_1_344' title='bbox 16 4123 23 4134; x_wconf 95' lang='lat'><strong>.</strong></span> <span class='ocrx_word' id='word_1_345' title='bbox 128 4068 255 4146; x_wconf 79' lang='lat' dir='ltr'><strong>l.17.</strong></span> <span class='ocrx_word' id='word_1_346' title='bbox 286 4074 548 4152; x_wconf 78' lang='lat' dir='ltr'><strong>Appian.</strong></span> <span class='ocrx_word' id='word_1_347' title='bbox 649 4075 802 4146; x_wconf 76' lang='lat' dir='ltr'><strong>cap.</strong></span> <span class='ocrx_word' id='word_1_348' title='bbox 824 4072 888 4129; x_wconf 69' lang='lat'><strong>1..</strong></span> <span class='ocrx_word' id='word_1_349' title='bbox 923 4071 1193 4132; x_wconf 78' lang='lat' dir='ltr'><strong>Strabol.</strong></span> <span class='ocrx_word' id='word_1_350' title='bbox 1215 4090 1299 4138; x_wconf 68' lang='lat' dir='ltr'><strong>aa.</strong></span> <span class='ocrx_word' id='word_1_351' title='bbox 1319 4070 1531 4147; x_wconf 65' lang='lat' dir='ltr'><strong>p-sfin.</strong></span> <span class='ocrx_word' id='word_1_352' title='bbox 1552 4070 1853 4127; x_wconf 78' lang='lat' dir='ltr'><strong>Memnon.</strong></span> <span class='ocrx_word' id='word_1_353' title='bbox 1869 4063 2128 4140; x_wconf 75' lang='lat' dir='ltr'><strong>Appian.</strong></span> <span class='ocrx_word' id='word_1_354' title='bbox 2211 4143 2220 4150; x_wconf 15' lang='lat' dir='ltr'>x</span> <span class='ocrx_word' id='word_1_355' title='bbox 2284 4043 2295 4058; x_wconf 60' lang='lat'>⁸</span> 
     </span>
    </p>
   </div>
  </div>
 </body>
</html>
